2312 2998
1130 83 1158 128 ⁷

209 203 394 250 forensia
437 202 574 248 forum
607 219 825 247 romanum
859 203 1010 249 rustice
1042 204 1178 250 vocari
1214 223 1235 250 a
1257 207 1467 259 -Varmne,
1501 204 1616 250 cuius
1651 222 1697 250 ea
1728 214 1827 249 tunc
1860 201 2089 265 amplitudo

208 278 272 324 vel
298 294 494 323 mensura
528 277 617 323 sine
652 277 821 322 comitio
854 277 1032 323 fuerit?“
1094 279 1146 323 Et
1178 280 1213 324 si
1246 280 1307 324 vel
1341 280 1516 325 maxime
1547 279 1627 324 hoc
1660 279 1893 340 significare
1924 277 2089 339 possint

206 352 332 398 verba
367 351 594 406 Varronis,
626 350 729 413 quid
761 350 863 395 illud
897 352 950 396 ad
994 352 1173 413 agrarias
1217 353 1475 414 rogationes,
1520 353 1570 399 de
1604 353 1755 415 quibus
1798 352 1920 397 unice
1951 353 2084 396 Varro

203 425 416 489 loquitur?
481 425 671 488 Denique
708 442 782 471 cur
815 425 982 473 tandem
1018 426 1072 472 de
1106 428 1312 489 pluribus
1345 428 1516 488 legibus
1548 427 1649 473 dixit
1683 429 1838 481 Varro,
1883 425 1938 471 ad
1980 443 2082 487 quas

202 499 467 562 accipiendas
504 500 547 544 C.
581 500 772 545 Licinius
815 500 1016 562 populum
1051 518 1072 547 e
1116 502 1282 547 comitio
1324 502 1530 556 eduxerit,
1574 520 1700 563 quum
1742 511 1898 563 septem
1940 499 2082 560 iugera

199 573 314 636 plebi
346 573 575 619 dividunda
606 591 698 618 una
720 573 808 634 lege
827 575 1058 620 necessario
1092 576 1422 621 continerentur?
1458 565 1761 637 Ineptissimam
1796 575 1924 636 igitur
1940 573 2079 634 Pighii

199 647 402 692 rationem
430 647 640 693 Gesnerus
674 658 713 693 et
738 647 1016 694 Schneiderus
1050 649 1244 711 adoptare
1277 650 1346 711 qui
1367 649 1588 711 potuerint,
1621 667 1697 710 ego
1731 658 1926 711 exputare
1959 665 2079 710 pror-

203 738 274 767 sus
306 739 393 766 non
426 721 558 783 potui,
591 722 865 783 inprimisque
907 722 1037 768 miror
1074 723 1369 769 Schneiderum
1402 734 1588 768 monstro
1628 722 1905 785 supplementi
1946 722 2078 766 histo-

201 795 278 841 rici
322 794 404 840 sibi
448 795 780 842 satisfacientem.
844 797 905 842 Ita
940 797 1048 842 enim
1091 798 1180 843 ille:
1225 798 1469 860 relinquitur
1500 797 1626 858 igitur
1657 797 1744 843 sola
1777 797 1915 857 Pighii
1949 796 2077 842 inter-

201 870 402 931 pretatio,
443 880 490 914 ut
522 870 710 916 dicamus
745 871 787 915 C.
820 871 1026 917 Licinium
1062 872 1252 917 Crassum
1296 889 1508 917 revocasse
1540 870 1669 931 legem
1703 871 1855 916 Licinii
1889 870 2075 915 Stolonis

201 943 253 989 de
295 943 423 989 modo
466 960 659 1004 agrorum
702 962 725 990 a
767 945 852 990 cive
892 962 1065 991 romano
1108 945 1453 1007 possidendorum
1494 944 1556 990 vel
1598 944 1711 1005 plebi
1753 944 2072 989 dividendorum

201 1033 329 1079 eaque
373 1013 463 1077 lege
507 1016 631 1061 simul
671 1035 826 1063 morem
878 1018 1091 1080 antiquum
1136 1037 1226 1064 cum
1267 1017 1422 1079 populo
1469 1036 1515 1063 ex
1557 1015 1711 1078 teuiplo
1754 1017 1905 1077 agendi
1949 1017 2069 1061 inno-

200 1106 328 1135 vasse.
404 1089 476 1135 Sic
521 1089 812 1137 Schneiderus.
895 1091 1003 1137 Mihi
1050 1109 1146 1137 vero
1195 1090 1365 1137 dubium
1420 1109 1505 1136 non
1556 1100 1639 1144 est,
1681 1092 1910 1135 Varronem
1953 1100 2069 1134 utro-

199 1180 279 1225 que
315 1162 407 1208 loco
441 1162 493 1208 de
525 1182 609 1208 uno
644 1165 870 1227 eodemque
904 1166 946 1210 C.
978 1165 1139 1210 Licinio
1173 1164 1340 1210 Stolone
1372 1164 1495 1226 loqui.
1559 1164 1630 1208 sie
1673 1163 1781 1208 euim
1824 1163 2068 1223 legendum:

201 1254 362 1290 unum,
397 1240 522 1281 cuius
553 1240 746 1282 maiores
778 1238 832 1281 de
865 1238 996 1282 modo
1030 1241 1136 1298 agri
1156 1239 1295 1298 legem
1328 1239 1527 1281 tulerunt.
1602 1240 1721 1281 IVam
1757 1237 1952 1280 Stolonis
1984 1238 2068 1280 illa

201 1311 279 1352 lex
312 1320 430 1353 vetat
453 1312 562 1371 plus
593 1315 639 1354 D
671 1314 826 1370 iugera
858 1312 1021 1354 habere
1053 1315 1184 1354 civem
1217 1329 1446 1354 romanam
1460 1345 1471 1363 ,
1516 1320 1579 1362 et,
1623 1313 1706 1371 qui
1735 1319 1922 1370 propter
1965 1310 2068 1353 dili-

195 1384 398 1442 gentiam
430 1384 629 1427 culturae
672 1385 900 1429 Stolonum
934 1384 1206 1446 confirmavit
1245 1402 1504 1444 cognomen,
1548 1383 1674 1445 quod
1700 1383 1851 1427 nullus
1891 1386 1939 1426 in
1972 1386 2067 1427 eius

184 1457 340 1513 fundo
372 1460 560 1515 reperiri
580 1467 761 1516 poterat
790 1459 917 1509 stolo,
950 1459 1076 1517 quod
1102 1459 1347 1517 effodiebat
1377 1460 1536 1499 circum
1570 1458 1750 1499 arbores
1783 1473 1805 1499 e
1836 1456 2066 1500 radicibus

197 1544 314 1589 quae
358 1537 642 1573 nascerentur
674 1546 695 1573 e
728 1529 822 1574 solo
864 1546 974 1591 quos
1006 1529 1197 1574 stolones
1238 1529 1550 1590 appellabant,
1601 1528 1795 1573 eiusdem
1836 1531 1985 1587 gentis·
2020 1531 2064 1574 C.

197 1603 396 1645 Licinius
405 1632 422 1653 ,N
463 1603 665 1646 tribunus
702 1603 766 1663 pl.
811 1620 909 1646 cum
951 1611 1066 1646 esset
1098 1612 1205 1663 post
1242 1620 1365 1660 reges
1397 1611 1579 1644 exactos
1611 1604 1744 1644 annis
1779 1603 1950 1645 CXLV
1968 1605 2063 1663 pri»

197 1692 296 1719 mus
322 1675 543 1734 populum
575 1676 643 1720 ad
670 1677 788 1733 leges
821 1676 1111 1735 accipianda-5·
1143 1679 1189 1719 in
1220 1685 1346 1735 septa
1362 1677 1573 1735 forensia
1600 1693 1621 1717 e
1653 1677 1829 1718 comitio
1862 1675 2030 1718 eduxit.

383 1821 495 1866 Haec
536 1821 662 1882 igitur
704 1840 813 1867 nunc
855 1821 1091 1883 singillatim
1132 1821 1340 1866 tractanda
1382 1831 1486 1865 suut
1561 1820 1624 1864 Ac
1664 1820 1845 1881 primum
1889 1821 2060 1882 quidem

196 1893 311 1954 quod
342 1896 476 1939 Varro
524 1893 626 1940 dicit
669 1896 845 1940 maiores
877 1895 1028 1940 Licinii
1067 1894 1195 1954 legem
1230 1894 1428 1954 agrariam
1460 1892 1624 1946 tulisse,
1663 1892 1750 1937 noli
1791 1903 1939 1955 putare
1980 1910 2060 1957 pro

195 1965 248 2010 iis
280 1966 409 2028 loqui,
441 1968 512 2029 qui
547 1969 590 2012 C.
622 1969 829 2013 Licinium
863 1968 1074 2012 Stolonem
1108 1979 1144 2011 et
1180 1969 1223 2011 C.
1251 1967 1454 2011 Licinium
1489 1967 1683 2010 Crassum
1717 1984 1740 2010 a
1773 1969 1962 2012 Varrone
1997 1969 2058 2012 in-
2125 2006 2137 2015 .

193 2039 322 2101 telligi
356 2042 629 2095 arbitrantur;
663 2052 805 2086 contra
831 2059 926 2086 vero
947 2040 1132 2102 aequales
1164 2041 1290 2085 fuisse
1323 2057 1393 2084 eos
1424 2039 1622 2092 Licinius,
1654 2040 1706 2084 de
1738 2041 1892 2101 quibus
1922 2044 2057 2086 Varro

192 2120 388 2174 tanquam
429 2115 656 2160 maioribus
691 2117 733 2159 C.
765 2115 915 2159 Licinii
948 2114 1153 2165 Stolonis,
1186 2114 1305 2157 amici
1340 2113 1426 2165 sui,
1459 2123 1624 2165 monet5
1652 2129 1834 2173 pronum
1867 2125 1929 2158 est
1962 2132 2056 2175 per-

192 2186 363 2246 spicere.
427 2187 673 2247 Intelligitur
706 2199 837 2232 autem
871 2197 1033 2248 praeter
1064 2186 1107 2230 C.
1127 2185 1330 2229 Licinium
1364 2184 1574 2229 Stolonem
1608 2185 1871 2245 potissimum
1907 2187 1944 2231 is
1978 2189 2055 2232 Ca-

191 2257 257 2303 ius
288 2258 499 2314 Licinius,
541 2260 613 2321 qui
659 2278 767 2305 anno
800 2261 849 2304 U.
883 2260 926 2304 C.
960 2253 1258 2303 CCCLXXVlI
1289 2256 1479 2301 tribunus
1513 2256 1690 2302 militum
1735 2258 1946 2303 consulari
1979 2276 2055 2321 po-

191 2340 336 2375 testate
367 2342 408 2376 et
440 2349 549 2376 anno
584 2332 929 2376 CCCLXXXVII
961 2330 1153 2390 magister
1184 2329 1364 2390 equitum
1398 2329 1484 2372 fuit.
1560 2330 1625 2374 De
1657 2330 1737 2375 hoc
1772 2330 1882 2375 enim
1916 2332 1975 2377 ita
2008 2333 2054 2376 T.

189 2402 332 2447 Livius
364 2404 445 2457 VI,
477 2409 569 2454 39.:
610 2405 677 2449 »R
709 2404 889 2449 Manlius
933 2402 1081 2448 deinde
1122 2402 1298 2447 dictator
1336 2419 1423 2446 rem
1464 2402 1669 2461 (agrarias
1711 2405 1968 2463 rogationes)
2009 2406 2053 2450 in

190 2490 369 2520 causam‘
383 2473 523 2538 plebis
555 2476 787 2531 inclinavit,
826 2477 869 2522 C.
898 2475 1079 2529 Licinio,
1112 2474 1181 2536 qui
1213 2474 1404 2520 tribunus
1437 2474 1613 2520 militum
1654 2474 1810 2530 fuerat,
1850 2477 2053 2538 magistro

189 2547 372 2608 equitum
418 2550 470 2595 de
501 2549 622 2611 plebe
662 2550 806 2595 dicto«
880 2550 920 2593 Is
953 2548 1078 2609 igitur
1108 2565 1131 2592 a
1163 2547 1304 2608 gentili
1336 2564 1412 2592 suo
1448 2548 1490 2592 C.
1532 2547 1703 2593 Stolone
1745 2549 1790 2594 in
1830 2551 2052 2597 consilium

188 2619 399 2667 adhibitus
430 2638 517 2668 rem
551 2623 776 2669 confecisse
809 2622 920 2684 apud
952 2621 1210 2682 magistratus
1243 2621 1412 2667 videtur.
1479 2621 1616 2667 Verba
1646 2624 1852 2669 Varronis
1884 2627 2052 2670 „Stolo-
