2312 2998
1155 32 1186 76 8

228 151 298 193 nis
331 149 414 192 illa
449 150 546 191 lex«
578 148 683 190 nihil
717 148 972 208 significant,
1006 167 1130 211 quam
1164 150 1247 194 »lex
1282 167 1386 213 quae
1420 150 1603 193 Stolonis
1637 152 1804 195 nomine
1837 152 1987 206 venit«,
2021 153 2107 196 das

227 222 496 266 stolonis-che
521 224 692 272 Gesetz,
726 239 861 282 neque
894 222 1017 265 ullam
1051 240 1254 285 personae
1287 224 1442 267 tribuni
1468 223 1632 276 Licinii,
1667 224 1782 267 cuius
1815 234 1961 285 postea
1992 241 2107 269 men-

226 297 286 340 tio
322 295 518 347 inficitur,
551 295 756 338 rationem
786 295 949 339 habent.
1015 298 1153 358 Atque
1173 299 1215 341 C.
1236 297 1441 342 Licinium
1475 313 1601 357 quum
1635 297 1831 341 eiusdem
1863 298 1997 357 gentis
2017 314 2105 343 esse

228 373 363 414 Varro
398 368 512 421 dicit,
546 385 632 412 non
666 369 719 412 ad
742 369 957 414 Stolonem
990 371 1220 424 Licinium,
1254 371 1326 432 qui
1359 370 1467 429 leges
1502 370 1682 429 agrarias
1716 370 1894 431 pertulit,
1927 371 2108 415 reseren-

230 444 328 487 dum
364 452 460 495 erat,
495 442 569 486 sed
604 442 658 486 ad
693 443 734 485 C.
770 442 885 486 illum
919 443 1126 488 Licinium
1157 444 1381 498 Stolonem,
1415 460 1533 504 quem
1569 443 1779 504 dialogum
1812 443 2013 489 rusticum
2046 460 2108 490 se-

232 535 324 562 cum
359 515 589 560 instituisse
622 518 757 560 Varro
791 515 918 560 finxit.

424 662 651 724 Aliquanto
701 662 867 722 longius
912 663 1137 724 repetenda
1180 674 1239 708 est
1281 674 1582 724 postremorum
1631 662 1848 708 verborum
1881 663 2109 724 explicat-io.

232 737 421 781 Primum
440 737 550 781 enim
576 736 867 781 animadvertis
887 737 1106 797 populum
1128 737 1413 798 antiquissima
1438 736 1735 797 significatione
1756 754 1777 780 a
1795 737 2005 797 patribus
2027 736 2111 781 sive

229 813 439 873 patriciis
473 829 560 854 non
594 811 777 863 differre,
807 810 885 854 sed
913 812 1073 871 opponi
1102 812 1250 871 plebi:
1282 811 1478 873 patricios
1502 821 1635 855 autem
1663 811 1703 854 in
1731 810 1903 855 comitio
1943 810 2111 855 curiatis

236 886 417 932 comitiis
452 885 706 938 convenisse,
740 894 784 929 ut
817 884 868 929 de
900 884 1115 945 ‚republica
1149 885 1486 938 consulerentur,
1519 885 1624 930 inter
1657 902 1799 929 omnes
1833 894 1994 929 constat
2065 885 2114 927 V.

234 959 435 1003 Niebuhr.
469 960 518 1000 H.
552 960 599 1000 R.
634 959 679 1000 T.
713 963 741 1002 Ι.
791 974 830 1017 p.
864 963 966 1004 323.
1000 961 1092 1005 467
1135 975 1193 1017 sq.
1229 958 1289 1001 ed.
1322 963 1387 1003 HL
1432 961 1565 1001 Varro
1599 958 1649 1002 de
1682 958 1777 1017 ling.
1810 957 1874 1001 lat.
1906 958 1985 1010 IV,
2018 964 2112 1006 32:

235 1032 462 1077 comitium
496 1030 554 1074 ab
591 1048 640 1074 eo
673 1028 800 1090 quod
827 1030 1009 1074 coibant
1040 1047 1088 1073 eo
1123 1032 1312 1075 comitiale
1346 1032 1528 1075 curialis
1562 1039 1605 1075 et
1627 1030 1771 1075 litium
1793 1048 1941 1075 causa.
1961 1030 2114 1075 Ascon.

234 1104 331 1148 Ped.
367 1103 410 1146 in
444 1103 606 1146 Verrin.
640 1107 681 1158 I,
714 1106 788 1153 58.
824 1120 855 1145 c.
889 1110 986 1149 22:
1022 1104 1249 1145 comitium
1282 1104 1403 1146 locus
1431 1113 1615 1162 propter
1646 1112 1875 1155 senatum,
1909 1121 1996 1163 quo
2029 1104 2115 1146 coi-

234 1194 280 1221 re
314 1175 535 1235 equitibus
581 1183 624 1219 et
661 1174 834 1234 populo
877 1191 1064 1219 romano
1109 1175 1219 1219 licet.
1285 1176 1331 1218 In
1375 1174 1468 1218 foro
1511 1185 1671 1226 autem,
1713 1175 1879 1219 tributis
1923 1175 2116 1228 comitiis,

236 1249 506 1294 conveniebat
547 1248 702 1308 plebes.
786 1248 905 1305 Quae
949 1248 1116 1292 comitia
1161 1258 1286 1308 quum
1325 1265 1459 1308 usque
1493 1248 1546 1292 ad
1589 1248 1912 1298 decemvirorum
1948 1259 2116 1309 ‚tempus

234 1323 493 1386 plebeiorum
529 1321 662 1366 solum
704 1321 893 1373 fuissent,
940 1321 1038 1365 inde
1081 1321 1132 1365 ab
1177 1322 1256 1373 hoc
1299 1326 1485 1382 tempore
1526 1322 1729 1382 permissa
1771 1322 1896 1367 etiam
1929 1321 2115 1383 patriciis

234 1408 328 1442 sunt
363 1399 429 1456 (V.
461 1396 547 1440 Liv.
567 1398 617 1448 V,
651 1401 722 1442 30.
756 1401 859 1450 32),
894 1395 966 1454 qui
999 1405 1151 1446 tamen,
1182 1394 1440 1454 plebeiorum
1471 1405 1713 1454 spernentes
1747 1395 1999 1446 societatem,
2032 1412 2118 1437 non

234 1471 300 1514 usi
334 1479 429 1512 sunt
461 1469 550 1512 iure
584 1485 674 1524 suo,
709 1483 837 1527 quum
871 1466 923 1510 de
970 1465 1132 1524 legibus
1166 1465 1308 1526 plebes
1359 1465 1575 1510 sciscebat.
1645 1465 1865 1517 Habebant
1898 1476 2033 1510 autem
2074 1466 2118 1509 in

236 1543 415 1589 comitiis
449 1541 686 1590 forensibus
718 1550 834 1600 septa
881 1556 957 1583 sua
1001 1538 1155 1599 plebeii
1199 1555 1372 1599 prorsus
1412 1539 1565 1590 eodem
1608 1539 1734 1583 modo
1778 1549 1897 1599 atque
1938 1538 2118 1600 populus

236 1617 333 1661 inde
369 1634 391 1659 a
425 1615 558 1659 Servii
592 1613 719 1664 Tullii
751 1623 941 1673 tempore
984 1612 1029 1663 in
1069 1613 1254 1662 comit-iis
1280 1613 1535 1672 centuriatis.
1601 1615 1667 1669 (V.
1701 1613 1868 1656 Sueton.
1902 1613 2015 1657 Caes.
2045 1617 2119 1663 80„

239 1691 366 1734 Cicer.
399 1690 521 1748 Legg.
556 1693 632 1740 III,
668 1693 737 1735 17.
772 1686 826 1729 ad
858 1686 984 1729 Attic.
1016 1690 1056 1739 I,
1102 1691 1170 1733 13.
1203 1691 1243 1739 Ι,
1292 1692 1360 1734 16.
1432 1686 1607 1749 Dionys.
1647 1686 1697 1729 H.
1730 1686 1831 1739 Vll,
1876 1691 1965 1744 59.)
2042 1686 2119 1729 His

239 1763 368 1824 septis
409 1761 472 1806 vel
515 1761 693 1807 ovilibus
736 1759 781 1803 in
825 1758 1005 1804 comitiis
1050 1759 1289 1804 centuriatis
1332 1759 1481 1814 classes
1510 1769 1554 1810 ¹et
1583 1758 1816 1817 centuriae,
1865 1759 1908 1812 in
1950 1759 2119 1815 ,tributis

241 1855 335 1883 vero
364 1831 501 1884 tribus
536 1853 556 1887 a
589 1852 635 1880 se
667 1832 845 1885 invicem
879 1832 1232 1891 discernebantur.

431 1982 507 2026 His
532 1982 770 2043 praemissis
805 1981 858 2026 ad
882 1980 1085 2026 Varronis
1115 1981 1256 2027 locum
1291 1981 1325 2026 si
1359 1998 1633 2035 recurramus,
1664 1980 1789 2042 plana
1822 1980 1899 2037 erit
1933 1980 2020 2025 eius
2054 1998 2122 2029 ex.-

246 2056 424 2118 plicatio.
497 2056 659 2100 Dicitur
681 2055 790 2101 enim
812 2055 854 2099 C.
878 2054 1085 2100 Licinium
1108 2055 1321 2100 Stolonem
1349 2055 1562 2100 tribunum
1586 2054 1639 2117 pl.
1659 2054 1841 2117 primum
1875 2053 2016 2109 fuisse,
2050 2053 2123 2116 qui

248 2140 385 2192 patres
419 2129 498 2188 (Cf.
530 2130 727 2173 Niebuhr.
759 2130 808 2172 H
840 2131 889 2183 R.
923 2130 969 2173 T.
1002 2134 1029 2175 Ι.
1064 2147 1102 2191 p.
1136 2134 1240 2187 471..
1274 2130 1333 2174 ed.
1368 2134 1451 2191 ΙΠ.)
1488 2129 1737 2183 concitaret,
1778 2139 1825 2177 ut
1854 2146 1906 2179 ex
1940 2128 2123 2182 comitio,

250 2221 332 2265 quo
365 2202 502 2247 curiae
537 2220 677 2247 eorum
710 2203 1019 2256 convenissent,
1052 2204 1096 2247 in
1128 2214 1245 2265 septa
1278 2203 1475 2256 forensia,
1509 2220 1582 2248 seu
1615 2202 1739 2255 ovilia
1770 2202 1958 2258 tribuum
1990 2202 2034 2246 in
2061 2201 2125 2246 fo·

251 2294 299 2321 ro
334 2275 668 2329 constitutarum,
699 2277 837 2320 vocari
870 2293 913 2321 se
946 2287 1199 2339 paterentur,
1230 2295 1326 2322 cum
1359 2277 1480 2339 plebe
1514 2287 1709 2339 quattuor
1740 2276 1977 2338 rogationes
2010 2275 2125 2328 Lici·

250 2351 343 2395 nias
363 2349 528 2393 iussuri.
593 2349 727 2408 Atque
753 2349 797 2391 id
819 2349 955 2409 ipsum
990 2361 1061 2403 est,
1095 2351 1210 2411 quod
1242 2350 1332 2399 aliis
1367 2351 1503 2395 verbis
1535 2351 1593 2404 ita
1627 2350 1871 2411 exprimitur
1890 2367 1913 2396 a
1939 2351 1986 2394 T.
2004 2349 2124 2399 Livio

252 2423 324 2475 VI,
356 2427 428 2469 42.
492 2424 653 2466 Patres
687 2429 885 2464 auctores
905 2423 1107 2474 omnibus
1128 2426 1220 2469 eius
1254 2426 1369 2467 anni
1397 2425 1585 2473 comitiis
1619 2423 1793 2485 (quibus
1831 2423 1971 2479 *iussae
2015 2422 2126 2483 leges

254 2494 440 2563 Liciniae
474 2497 587 2552 sunt)
607 2495 741 2552 facti.
806 2494 942 2552 Quem
973 2513 1188 2544 numerum
1222 2515 1424 2550 annorum
1469 2498 1757 2542 substituimus
1790 2515 1869 2559 pro
1905 2497 2127 2545 CCCLXV

255 2584 352 2615 eum
383 2583 471 2614 nou
503 2565 721 2612 mirabitur
752 2565 808 2622 is,
842 2567 908 2612 cui
940 2585 1026 2615 non
1058 2568 1196 2629 ignota
1231 2579 1292 2615 est
1321 2570 1429 2622 ratio
1462 2571 1748 2635 Romanorum
1780 2567 2059 2631 computandi.

29 2832 54 2838 ,.
800 2856 838 2893 ἦ

828 2906 851 2915 ,Α
1236 2922 1275 2954 *i
