2312 2998
1111 77 1143 123 4

201 211 387 260 tempore
420 200 489 256 (U.
526 199 569 244 C.
603 199 933 257 CCCLXXIX),
968 216 1050 260 quo
1083 200 1261 259 primum
1296 208 1378 243 tres
1411 198 1503 242 illae
1535 198 1817 259 promulgatae
1850 209 1967 253 sunt,
2000 199 2072 243 ad-

202 273 347 318 iectam
384 273 529 318 ceteris
564 290 652 318 esse
687 273 916 318 coniecerat
946 272 1199 317 Niebuhrius
1234 272 1355 329 (Hist.
1388 273 1505 315 Rom.
1531 273 1577 316 T.
1598 273 1647 316 II.
1681 289 1719 333 p.
1739 276 1841 321 348.
1874 273 1934 316 ed.
1968 275 2070 334 pr.);

201 347 276 392 sed
310 365 399 392 eam
434 348 677 392 sententiam
714 347 836 392 altera
871 347 1050 391 editione
1083 346 1170 390 sine
1205 346 1335 390 dubio
1366 356 1656 390 retractaturus
1680 356 1765 390 erat
1784 346 1846 389 vir
1869 346 2071 407 egregius,

199 422 281 464 nisi
317 438 399 482 quo
432 421 572 465 minus
605 420 790 465 ultimam
824 439 987 465 manum
1023 420 1235 464 adhiberet
1267 419 1373 463 libro
1408 436 1483 463 suo
1533 419 1748 464 immatura
1782 437 1895 465 mors
1928 420 2071 481 prohi-

201 495 369 540 buisset.
442 495 584 539 Primo
619 495 726 540 enim
761 494 869 539 illam
903 494 1026 539 modo
1060 494 1109 538 de
1144 493 1355 538 consulatu
1388 492 1644 553 rogationem
1679 494 1905 538 ferentibus
1938 494 2071 538 tribu-

201 569 266 612 nis
307 569 605 613 succlamamnt
652 569 839 629 patricii,
881 586 965 613 non
1008 568 1129 612 licere
1171 568 1333 628 plebeio
1369 567 1527 611 homini
1572 568 1826 612 consulatum
1871 569 2069 628 attingere

201 653 376 705 propter
408 643 612 704 auspicia,
654 660 757 704 quae
789 660 914 704 penes
947 652 1084 703 patres
1118 652 1253 687 essent
1284 658 1396 686 more
1428 640 1653 696 maiorum,
1694 641 1912 687 interdicta
1945 641 2069 704 plebi.

199 718 310 762 Hinc
344 717 509 761 demum
543 716 660 761 enixe
694 734 861 777 operam
895 716 1095 760 dederunt
1126 716 1306 769 tribuni,
1337 726 1382 758 ut
1415 715 1535 760 etiam
1571 716 1851 777 auspiciorum
1886 716 2070 776 cognitio

202 790 246 834 in
279 790 539 851 plebeiorum
572 800 816 851 potesta-tem
848 789 1012 834 veniret.
1075 789 1210 850 Atque
1242 789 1392 833 factum
1440 790 1521 833 hoc
1551 800 1624 834 -est
1667 803 1811 850 quarta
1843 790 2070 850 rogatione,

203 881 284 925 qua
309 864 464 925 optime
485 863 733 925 patefaetum
766 863 870 906 nihil
903 863 1070 906 omnino
1098 880 1119 905 a
1143 863 1206 906 dis
1233 862 1531 906 immortalibus
1564 864 1770 923 portendi,
1802 864 1837 908 si
1862 864 1965 924 pulli
1984 882 2068 908 non

203 947 482 998 pascerentur,
516 937 552 981 si
586 953 632 981 ex
666 953 784 980 cavea
819 936 1053 980 dubitarent
1086 936 1206 989 exire,
1240 937 1274 979 si
1309 936 1392 980 avis
1426 936 1686 981 occinuisset.
1753 937 1876 981 Haud
1908 937 2067 997 vulgari

203 1011 330 1056 modo
353 1011 590 1070 rogationes
612 1027 755 1054 omnes
775 1027 797 1053 a
816 1009 937 1070 plebe
958 1010 1092 1053 iussae
1114 1020 1218 1053 sunt.
1261 1009 1445 1053 Primum
1469 1010 1575 1055 enim
1597 1028 1721 1071 quum
1744 1010 1887 1072 plebes
1909 1011 1959 1056 de
1983 1011 2070 1056 foe-

202 1103 303 1130 nore
329 1095 367 1128 et
386 1101 486 1143 agro
502 1083 737 1143 rogationes
758 1083 933 1135 iussura,
954 1082 1132 1143 reliquas
1154 1100 1249 1127 vero
1271 1084 1528 1143 antiquatura
1549 1102 1637 1129 esse
1662 1085 1881 1139 videretur,
1898 1085 2070 1138 tribuni,

204 1160 300 1205 dato
322 1158 460 1218 primo
477 1174 562 1217 per·
581 1165 785 1200 saturam
804 1156 933 1200 factae
954 1156 1181 1215 rogationis
1201 1155 1399 1217 exemplo,
1422 1174 1465 1201 se
1488 1156 1532 1201 in
1553 1158 1690 1202 omnia
1711 1158 1833 1203 simul
1857 1159 2069 1204 consulere

205 1233 417 1284 dixerunt,
448 1248 500 1274 ne
533 1229 615 1289 ipsi
649 1229 800 1289 plebeii
847 1229 1064 1273 commoda
1096 1240 1352 1274 morarentur
1385 1247 1457 1274 sua
1472 1230 1525 1287 ²⁸⁸).
1571 1231 1616 1274 id
1649 1232 1760 1292 quod
1801 1232 1968 1276 vetitum
2012 1243 2072 1277 est

204 1315 347 1367 postea
381 1304 469 1362 lege
504 1302 679 1346 Caecilia
715 1312 754 1345 et
786 1301 913 1344 Didia
947 1301 1027 1360 (Cf.
1060 1313 1323 1361 personatum
1351 1302 1536 1346 Ciceron.
1569 1321 1645 1363 pro
1679 1304 1787 1348 dom.
1820 1311 1920 1362 20),
1956 1306 2071 1349 cuius

205 1395 365 1423 summa
399 1386 460 1420 est
493 1375 604 1436 apud
637 1376 696 1418 M.
728 1370 775 1417 T.
810 1374 994 1417 ciceron.
1028 1374 1079 1418 de
1112 1374 1215 1433 legg.
1248 1376 1331 1428 III,
1363 1380 1403 1423 4.
1446 1394 1499 1419 ne
1527 1377 1633 1436 plus
1666 1395 1802 1438 quam
1836 1377 1890 1420 de
1922 1380 2071 1436 singu-

205 1453 262 1494 lis
282 1452 412 1493 rebus
435 1449 575 1492 simul
588 1447 848 1491 consulante
858 1446 956 1502 ΜΕ),·
988 1446 1138 1492 deinde
1172 1465 1218 1492 ex
1242 1449 1278 1491 T
1280 1484 1290 1506 ·.
1304 1448 1411 1491 Livii
1435 1449 1571 1493 verbis
1607 1451 1695 1505 (VI,
1729 1455 1808 1507 38)
1841 1468 1926 1495 non
1950 1451 2072 1511 plane

394 1609 424 1649 ⁸)
455 1607 622 1638 Formulae
647 1616 708 1648 per
739 1612 890 1635 saturam
922 1610 954 1634 et
985 1604 1022 1634 in
1052 1611 1201 1634 saturam
1236 1602 1476 1644 distinguendae
1498 1610 1587 1635 sunt:
1611 1605 1674 1635 illa
1697 1605 1778 1635 enim
1799 1611 1864 1636 tum
1887 1612 2019 1638 utuntur
2039 1607 2072 1637 in

206 1659 430 1694 coniunctione
452 1659 619 1690 verborum
645 1668 708 1700 per
730 1664 880 1687 saturam
903 1655 1030 1694 iubere,
1054 1656 1225 1698 imperium
1247 1656 1346 1693 dare,
1378 1656 1540 1699 abrogare
1562 1665 1620 1687 αιιι
1642 1657 1822 1700 derogare,
1840 1670 1901 1700 per
1924 1667 2072 1689 saturam

205 1714 377 1756 exquirere
398 1710 603 1747 sententias,
639 1719 734 1750 quum
755 1708 878 1748 singula
901 1708 1007 1748 capita
1029 1707 1165 1737 discreta
1186 1718 1249 1739 non
1271 1715 1344 1737 sunt
1365 1707 1430 1746 ita,
1464 1715 1499 1737 ut
1519 1709 1654 1749 populus
1676 1709 1858 1749 singillatim
1880 1710 1919 1741 de
1940 1710 2073 1751 singulis

203 1766 311 1796 iubere
332 1764 452 1805 possit,
475 1762 531 1792 sed
553 1761 685 1792 confuse
707 1760 814 1790 omnia
834 1760 867 1789 in
889 1770 986 1788 unum
1008 1759 1145 1795 collata;
1167 1759 1267 1789 huius
1287 1770 1362 1789 vero
1380 1783 1389 1798 ,
1418 1771 1497 1800 quae
1518 1760 1612 1790 semel
1635 1760 1668 1790 in
1690 1761 1868 1801 fragmento
1890 1761 1972 1801 legis
1996 1764 2072 1793 Ser—

204 1817 298 1849 viliae
328 1816 484 1857 reperitur
506 1817 553 1856 (p.
576 1814 629 1849 84.
654 1812 703 1842 ed.
725 1810 889 1849 Klenzii):
914 1809 1055 1849 QVOM]
1073 1810 1222 1841 TRIBVS
1244 1811 1376 1841 INTRO
1401 1812 1681 1843 VOCABVNTVR
1702 1813 1848 1843 EXTRA
1871 1814 1990 1851 QVAM
2013 1815 2073 1845 SEI

205 1870 307 1908 QVID
328 1868 373 1899 IN
393 1866 593 1898 SATVRAM
615 1864 808 1895 FERETVR
831 1863 928 1902 longe
950 1861 1014 1893 alia
1034 1861 1116 1892 ratio
1140 1868 1205 1892 est:
1237 1863 1269 1892 si
1300 1863 1382 1904 quid
1402 1862 1438 1893 iri
1460 1872 1608 1894 saturam
1628 1863 1764 1907 feretur
1792 1864 1871 1901 nihil
1899 1864 2074 1906 significare

204 1921 291 1954 aliud
310 1926 429 1963 potest,
453 1928 548 1961 quarm
570 1916 601 1948 si
617 1916 689 1959 quis
711 1915 833 1957 aliquid
855 1914 939 1946 ferat
960 1914 993 1945 in
1017 1913 1194 1952 concione,
1218 1924 1299 1956 quae
1320 1925 1424 1957 neque
1446 1915 1659 1947 trinundinum
1680 1916 1934 1958 promulgatione
1953 1917 2074 1949 indicta

204 1984 306 2016 neque
336 1971 489 2004 centuriis
512 1975 567 2002 ant
588 1969 736 2000 tribubus
752 1967 898 1998 discretis
919 1966 1068 1997 instituta
1078 1987 1091 2004 ‚-
1118 1966 1173 1997 sed
1196 1967 1326 1997 confuse
1349 1975 1522 1999 convocata
1544 1974 1602 1998 est.
1647 1970 1819 2011 Propterea
1839 1977 1927 2001 reete
1947 1970 2074 2002 additur

205 2027 237 2057 in
258 2026 328 2066 lege
343 2023 492 2055 Servilia:
515 2033 610 2064 quom
633 2021 733 2053 tribus
755 2021 847 2052 intro
867 2019 1077 2057 vocabuntur,
1100 2018 1187 2059 quod
1208 2018 1345 2060 intelligi
1366 2019 1406 2050 de
1433 2021 1531 2062 septis
1557 2021 1590 2052 iu
1613 2021 1683 2052 foro
1706 2021 1801 2053 debet
1820 2022 1887 2053 sive
1909 2022 1948 2054 de
1971 2023 2073 2054 comi-

206 2078 258 2108 tiis
280 2077 341 2108 rite
362 2075 528 2107 institutis.

391 2130 538 2166 ”)Hane
558 2127 660 2167 legem
679 2126 838 2157 Ciceronis
860 2124 993 2156 eandem
1019 2134 1088 2154 esse
1110 2134 1180 2154 cum
1201 2122 1300 2155 vetita
1321 2122 1426 2165 legum
1447 2131 1552 2157 satura
1575 2131 1660 2157 recte
1678 2126 1899 2159 animadvertit
1908 2128 2073 2160 Turnebus

207 2181 246 2212 ad
265 2181 369 2212 locum
391 2179 552 2211 Ciceronis
569 2178 749 2216 laudatum,
780 2176 835 2219 qui
856 2183 965 2207 tamen
996 2174 1108 2206 eodem
1139 2174 1212 2206 loco
1245 2175 1352 2216 paullo
1383 2182 1456 2217 post
1477 2177 1517 2207 de
1538 2178 1708 2218 privilegiis
1731 2180 1913 2220 quibuscum
1936 2187 2073 2211 saturam

207 2233 410 2264 coniunxerat
432 2232 541 2263 Cicero
562 2232 665 2262 minus
687 2231 768 2261 bene
790 2229 950 2270 exposuit,
1004 2227 1204 2268 Privilegium
1234 2227 1394 2269 antiquum
1418 2229 1490 2270 quid
1513 2230 1554 2260 sit
1585 2230 1705 2272 optime
1725 2231 1915 2273 perspicitur
1937 2244 1975 2263 ex
1996 2232 2074 2264 rhe-

208 2292 277 2315 tore
304 2285 425 2322 latiuo‚
458 2284 510 2325 qui
542 2284 604 2314 sub
622 2282 777 2314 Heracliti
799 2281 927 2322 Ephesii
958 2280 1085 2310 nomine
1107 2279 1257 2320 epistolas
1289 2280 1470 2311 subdititias
1501 2283 1687 2324 composuit.
1730 2277 1760 2314 Is
1793 2284 1876 2315 enim
1908 2285 1975 2325 (ed.
1997 2284 2071 2316 Ald.

209 2337 246 2369 T.
268 2337 306 2367 ΙΙ.
341 2336 398 2368 fol.
415 2331 456 2378 ξ’,
477 2337 520 2367 ΙΙΙ
541 2336 651 2376 verso)
670 2331 886 2374 itotxfficiuogmu,
914 2331 1040 2373 inquit,
1055 2328 1226 2372 Ἐφεσίους
1248 2331 1367 2372 μέλλειν
1388 2331 1586 2373 εἰσηγεῖσὲαι
1603 2332 1695 2375 νόμον
1717 2333 1786 2367 κατ’
1808 2335 1885 2376 ἐμοῦ
1905 2334 2073 2377 ἀνομώτα-

209 2399 268 2420 τον,
292 2386 394 2425 οὐδεὶς
419 2387 478 2429 γὰρ
500 2386 595 2428 νόμος
615 2384 666 2428 ἐφ’
688 2385 757 2422 ἑνὸς
779 2382 846 2417 ἄλλ’
868 2382 1041 2425 ἀνάκρισις.
1063 2380 1121 2415 οὐκ
1142 2384 1245 2415 ἴσασιν
1265 2380 1409 2424 Ἐφέσιοι
1430 2381 1477 2417 ἔτι
1499 2384 1600 2426 ἕτερον
1621 2386 1774 2429 δικαστὴς
1803 2381 1987 2430 vomite-rou,
2019 2388 2075 2422 καὶ

211 2437 283 2471 τόδε
307 2436 429 2480 ἄμεινον
456 2438 523 2471 ἐπεὶ
542 2436 757 2479 ἀμαθέστερον
780 2436 858 2478 πρός
878 2433 994 2476 ἄδηλον
1014 2434 1067 2467 τὸν
1090 2435 1239 2475 μέλλοντα
1259 2433 1384 2476 πράξειν
1398 2448 1405 2455 ·
1439 2435 1458 2469 ὅ
1481 2437 1516 2469 δὲ
1537 2437 1672 2476 δικάζων
1694 2437 1753 2482 6ρᾷ
1775 2438 1826 2472 τὸν
1850 2438 2026 2480 κρινόμενον
2046 2435 2074 2482 ᾦ

215 2489 396 2522 συνάπτεται
410 2489 445 2522 τὸ
467 2489 582 2526 mim.
612 2487 725 2521 ’Ίσασί
748 2499 797 2528 μ-ε,
819 2486 1019 2527 Ἑρμόδωρε,
1044 2485 1346 2528 συντεχνήτεῦσαντά
1368 2499 1417 2521 σοι
1436 2488 1508 2526 τοὺς
1528 2488 1640 2530 νόμους
1661 2489 1744 2532 κάμὲ
1770 2490 1881 2524 ἐλάσαι
1904 2490 2074 2534 βούλονται,

213 2537 279 2573 ἀλλ’
293 2539 327 2572 οὗ
340 2538 445 2582 [ἀλλὰ]
464 2540 608 2582 πρότερον
626 2538 782 2582 ἧέλέγξαι
804 2537 918 2576 αὐτοῦς
940 2534 1090 2571 ἔτιᾶδικα
1112 2536 1288 2580 ἐγνώκασιν
1302 2537 1355 2572 τὸν
1374 2537 1420 2581 μὴ
1442 2541 1581 2582 γελῶντα
1601 2541 1656 2574 καὶ
1676 2540 1776 2576 πάντα
1798 2544 2076 2585 μισανθρωποῦντα

213 2592 273 2633 πρὸ
295 2589 385 2632 finon
407 2591 550 2629 δύναντος
579 2593 690 2631 ἐξιέναι
709 2594 770 2634 τῆς
790 2590 931 2628 πόλεως·
965 2591 1055 2624 τοῦτο
1087 2592 1262 2632 νομοὲετεῖν
1285 2591 1497 2635 βουλεῦον-ται·
1526 2591 1630 2631 οὐδεὶς
1651 2591 1680 2628 δ’
1702 2594 1785 2628 ἐστὶν
1808 2593 1825 2628 ὅ
1848 2594 1893 2637 μὴ
1925 2597 2025 2638 γελῶν
2048 2596 2075 2629 εἰ

215 2643 261 2685 μὴ
284 2640 583 2684 Ἡράκλειτος·ὧ’στ’
603 2643 660 2685 ἐμὲ
679 2643 868 2679 ἐλαύνουσιν.
888 2644 981 2675 *Hinc
991 2643 1286 2686 patetpn'vilegium
1304 2644 1356 2675 hic
1367 2655 1434 2676 esse
1452 2647 1589 2687 speciem
1611 2648 1769 2688 quandam
1787 2648 1973 2688 ostracismi‚
1995 2660 2076 2691 quae
