<?xml version="1.0" encoding="UTF-8"?>
<!DOCTYPE html PUBLIC "-//W3C//DTD XHTML 1.0 Transitional//EN"
    "http://www.w3.org/TR/xhtml1/DTD/xhtml1-transitional.dtd">
<html xmlns="http://www.w3.org/1999/xhtml" xml:lang="en" lang="en">
 <head>
  <title>
</title>
<meta http-equiv="Content-Type" content="text/html;charset=utf-8" />
  <meta name='ocr-system' content='tesseract 3.04.00' />
  <meta name='ocr-capabilities' content='ocr_page ocr_carea ocr_par ocr_line ocrx_word'/>
</head>
<body>
  <div class='ocr_page' id='page_1' title='image "4630614_0013.png"; bbox 0 0 2312 2998; ppageno 0'>
   <div class='ocr_carea' id='block_1_1' title="bbox 0 2896 149 2998">
    <p class='ocr_par' dir='ltr' id='par_1_1' title="bbox 0 2896 149 2998">
     <span class='ocr_line' id='line_1_1' title="bbox 0 2896 149 2998; baseline 0 0"><span class='ocrx_word' id='word_1_1' title='bbox 0 2896 149 2998; x_wconf 32' lang='lat' dir='ltr'>‘JK</span> 
     </span>
    </p>
   </div>
   <div class='ocr_carea' id='block_1_2' title="bbox 1150 58 1178 101">
    <p class='ocr_par' dir='ltr' id='par_1_2' title="bbox 1150 58 1178 101">
     <span class='ocr_line' id='line_1_2' title="bbox 1150 58 1178 101; baseline 0 0"><span class='ocrx_word' id='word_1_2' title='bbox 1150 58 1178 101; x_wconf 89' lang='lat'>6</span> 
     </span>
    </p>
   </div>
   <div class='ocr_carea' id='block_1_3' title="bbox 1069 118 1257 125">
    <p class='ocr_par' dir='ltr' id='par_1_3' title="bbox 1069 118 1257 125">
     <span class='ocr_line' id='line_1_3' title="bbox 1069 118 1257 125; baseline 0 2873"><span class='ocrx_word' id='word_1_3' title='bbox 1069 118 1257 125; x_wconf 95' lang='lat' dir='ltr'> </span> 
     </span>
    </p>
   </div>
   <div class='ocr_carea' id='block_1_4' title="bbox 205 177 2103 1932">
    <p class='ocr_par' dir='ltr' id='par_1_4' title="bbox 223 177 2103 609">
     <span class='ocr_line' id='line_1_4' title="bbox 225 177 2098 243; baseline -0.002 -15"><span class='ocrx_word' id='word_1_4' title='bbox 225 184 293 229; x_wconf 90' lang='lat' dir='ltr'>hic</span> <span class='ocrx_word' id='word_1_5' title='bbox 325 182 496 243; x_wconf 86' lang='lat' dir='ltr'>legitur:</span> <span class='ocrx_word' id='word_1_6' title='bbox 530 180 584 225; x_wconf 88' lang='lat' dir='ltr'>ad</span> <span class='ocrx_word' id='word_1_7' title='bbox 615 178 725 239; x_wconf 85' lang='lat' dir='ltr'>leges</span> <span class='ocrx_word' id='word_1_8' title='bbox 760 177 1025 239; x_wconf 87' lang='lat' dir='ltr'>accipiundas</span> <span class='ocrx_word' id='word_1_9' title='bbox 1049 179 1117 237; x_wconf 23' lang='lat' dir='ltr'>*in</span> <span class='ocrx_word' id='word_1_10' title='bbox 1161 185 1327 237; x_wconf 82' lang='lat' dir='ltr'><em>septem</em></span> <span class='ocrx_word' id='word_1_11' title='bbox 1372 178 1537 235; x_wconf 76' lang='lat' dir='ltr'>iugera.</span> <span class='ocrx_word' id='word_1_12' title='bbox 1618 178 1750 237; x_wconf 85' lang='lat' dir='ltr'><strong>Quasi</strong></span> <span class='ocrx_word' id='word_1_13' title='bbox 1793 196 1975 240; x_wconf 85' lang='lat' dir='ltr'>unquam</span> <span class='ocrx_word' id='word_1_14' title='bbox 2023 180 2098 225; x_wconf 89' lang='lat' dir='ltr'>hac</span> 
     </span>
     <span class='ocr_line' id='line_1_5' title="bbox 224 250 2098 320; baseline -0.003 -17"><span class='ocrx_word' id='word_1_15' title='bbox 224 256 535 320; x_wconf 79' lang='lat' dir='ltr'>praepositione</span> <span class='ocrx_word' id='word_1_16' title='bbox 577 253 634 298; x_wconf 89' lang='lat' dir='ltr'>ita</span> <span class='ocrx_word' id='word_1_17' title='bbox 675 252 740 297; x_wconf 92' lang='lat' dir='ltr'>usi</span> <span class='ocrx_word' id='word_1_18' title='bbox 786 262 919 297; x_wconf 88' lang='lat' dir='ltr'><strong>essent</strong></span> <span class='ocrx_word' id='word_1_19' title='bbox 962 252 1118 296; x_wconf 91' lang='lat' dir='ltr'>Latini!</span> <span class='ocrx_word' id='word_1_20' title='bbox 1192 252 1298 296; x_wconf 88' lang='lat' dir='ltr'>Nam</span> <span class='ocrx_word' id='word_1_21' title='bbox 1340 250 1453 312; x_wconf 89' lang='lat' dir='ltr'>quod</span> <span class='ocrx_word' id='word_1_22' title='bbox 1493 250 1747 297; x_wconf 90' lang='lat' dir='ltr'>Niebuhrius</span> <span class='ocrx_word' id='word_1_23' title='bbox 1793 253 1860 312; x_wconf 85' lang='lat' dir='ltr'>(H.</span> <span class='ocrx_word' id='word_1_24' title='bbox 1901 253 1949 297; x_wconf 90' lang='lat' dir='ltr'>R.</span> <span class='ocrx_word' id='word_1_25' title='bbox 1991 253 2038 298; x_wconf 91' lang='lat' dir='ltr'>T.</span> <span class='ocrx_word' id='word_1_26' title='bbox 2071 253 2098 297; x_wconf 88' lang='lat' dir='ltr'>I.</span> 
     </span>
     <span class='ocr_line' id='line_1_6' title="bbox 223 325 2100 394; baseline -0.001 -21"><span class='ocrx_word' id='word_1_27' title='bbox 223 349 263 394; x_wconf 89' lang='lat' dir='ltr'>p.</span> <span class='ocrx_word' id='word_1_28' title='bbox 296 335 400 381; x_wconf 86' lang='grc'><strong>471.</strong></span> <span class='ocrx_word' id='word_1_29' title='bbox 429 330 496 374; x_wconf 86' lang='lat' dir='ltr'>ed.</span> <span class='ocrx_word' id='word_1_30' title='bbox 529 328 617 385; x_wconf 92' lang='lat' dir='ltr'>III.)</span> <span class='ocrx_word' id='word_1_31' title='bbox 664 325 834 372; x_wconf 90' lang='lat' dir='ltr'>contulit</span> <span class='ocrx_word' id='word_1_32' title='bbox 877 344 924 385; x_wconf 84' lang='lat' dir='ltr'>ex</span> <span class='ocrx_word' id='word_1_33' title='bbox 955 326 1073 370; x_wconf 86' lang='lat' dir='ltr'>Livio</span> <span class='ocrx_word' id='word_1_34' title='bbox 1106 325 1319 378; x_wconf 81' lang='lat' dir='ltr'>XXXIII,</span> <span class='ocrx_word' id='word_1_35' title='bbox 1361 330 1431 373; x_wconf 88' lang='grc'>30.</span> <span class='ocrx_word' id='word_1_36' title='bbox 1473 343 1577 385; x_wconf 77' lang='lat' dir='ltr'>pax</span> <span class='ocrx_word' id='word_1_37' title='bbox 1619 325 1732 369; x_wconf 84' lang='lat' dir='ltr'>data</span> <span class='ocrx_word' id='word_1_38' title='bbox 1780 328 1827 369; x_wconf 88' lang='lat' dir='ltr'>in</span> <span class='ocrx_word' id='word_1_39' title='bbox 1859 326 1946 370; x_wconf 81' lang='lat' dir='ltr'>has</span> <span class='ocrx_word' id='word_1_40' title='bbox 1979 328 2100 386; x_wconf 79' lang='lat' dir='ltr'>leges</span> 
     </span>
     <span class='ocr_line' id='line_1_7' title="bbox 224 398 2103 467; baseline -0.004 -15"><span class='ocrx_word' id='word_1_41' title='bbox 224 406 349 467; x_wconf 84' lang='lat' dir='ltr'>longe</span> <span class='ocrx_word' id='word_1_42' title='bbox 382 404 591 450; x_wconf 86' lang='lat' dir='ltr'>diversum</span> <span class='ocrx_word' id='word_1_43' title='bbox 634 411 704 446; x_wconf 90' lang='lat' dir='ltr'>est.</span> <span class='ocrx_word' id='word_1_44' title='bbox 778 400 966 461; x_wconf 90' lang='lat' dir='ltr'>Denique</span> <span class='ocrx_word' id='word_1_45' title='bbox 1008 399 1108 461; x_wconf 83' lang='lat' dir='ltr'>quid</span> <span class='ocrx_word' id='word_1_46' title='bbox 1151 410 1211 443; x_wconf 91' lang='lat' dir='ltr'>est</span> <span class='ocrx_word' id='word_1_47' title='bbox 1244 398 1345 443; x_wconf 89' lang='lat' dir='ltr'>illud</span> <span class='ocrx_word' id='word_1_48' title='bbox 1378 416 1400 441; x_wconf 90' lang='lat' dir='ltr'>e</span> <span class='ocrx_word' id='word_1_49' title='bbox 1432 401 1607 443; x_wconf 87' lang='lat' dir='ltr'>comitio</span> <span class='ocrx_word' id='word_1_50' title='bbox 1653 399 1813 443; x_wconf 75' lang='lat' dir='ltr'>eduxit</span> <span class='ocrx_word' id='word_1_51' title='bbox 1846 401 2103 460; x_wconf 76' lang='lat' dir='ltr'>populum?</span> 
     </span>
     <span class='ocr_line' id='line_1_8' title="bbox 226 474 2099 540; baseline -0.003 -16"><span class='ocrx_word' id='word_1_52' title='bbox 226 479 362 540; x_wconf 83' lang='lat' dir='ltr'>Quem</span> <span class='ocrx_word' id='word_1_53' title='bbox 396 494 479 540; x_wconf 92' lang='lat' dir='ltr'>quo</span> <span class='ocrx_word' id='word_1_54' title='bbox 513 476 710 521; x_wconf 81' lang='lat' dir='ltr'>deduxit?</span> <span class='ocrx_word' id='word_1_55' title='bbox 743 475 790 517; x_wconf 93' lang='lat' dir='ltr'>In</span> <span class='ocrx_word' id='word_1_56' title='bbox 823 474 1042 518; x_wconf 86' lang='lat' dir='ltr'>forumne?</span> <span class='ocrx_word' id='word_1_57' title='bbox 1075 475 1122 517; x_wconf 92' lang='lat' dir='ltr'>In</span> <span class='ocrx_word' id='word_1_58' title='bbox 1156 490 1344 535; x_wconf 88' lang='lat' dir='ltr'>campum</span> <span class='ocrx_word' id='word_1_59' title='bbox 1378 474 1604 517; x_wconf 85' lang='lat' dir='ltr'>Martium?</span> <span class='ocrx_word' id='word_1_60' title='bbox 1649 474 1767 533; x_wconf 84' lang='lat' dir='ltr'>Quid</span> <span class='ocrx_word' id='word_1_61' title='bbox 1798 474 1978 519; x_wconf 83' lang='lat' dir='ltr'>tribunis</span> <span class='ocrx_word' id='word_1_62' title='bbox 2012 475 2099 536; x_wconf 89' lang='lat' dir='ltr'>ple-</span> 
     </span>
     <span class='ocr_line' id='line_1_9' title="bbox 225 547 1805 609; baseline -0.004 -11"><span class='ocrx_word' id='word_1_63' title='bbox 225 554 292 598; x_wconf 89' lang='lat' dir='ltr'>his</span> <span class='ocrx_word' id='word_1_64' title='bbox 327 569 419 597; x_wconf 91' lang='lat' dir='ltr'>cum</span> <span class='ocrx_word' id='word_1_65' title='bbox 454 550 653 595; x_wconf 85' lang='lat' dir='ltr'>comitio?</span> <span class='ocrx_word' id='word_1_66' title='bbox 685 548 799 591; x_wconf 86' lang='lat' dir='ltr'>Nihil</span> <span class='ocrx_word' id='word_1_67' title='bbox 832 566 879 592; x_wconf 86' lang='lat' dir='ltr'>ex</span> <span class='ocrx_word' id='word_1_68' title='bbox 912 548 976 591; x_wconf 91' lang='lat' dir='ltr'>his</span> <span class='ocrx_word' id='word_1_69' title='bbox 1011 549 1202 593; x_wconf 90' lang='lat' dir='ltr'>omnibus</span> <span class='ocrx_word' id='word_1_70' title='bbox 1236 548 1337 609; x_wconf 91' lang='lat' dir='ltr'>quid</span> <span class='ocrx_word' id='word_1_71' title='bbox 1370 548 1422 591; x_wconf 86' lang='lat' dir='ltr'>sit</span> <span class='ocrx_word' id='word_1_72' title='bbox 1455 547 1626 607; x_wconf 78' lang='lat' dir='ltr'><strong>intelligi</strong></span> <span class='ocrx_word' id='word_1_73' title='bbox 1660 558 1805 608; x_wconf 90' lang='lat' dir='ltr'>potest.</span> 
     </span>
    </p>

    <p class='ocr_par' dir='ltr' id='par_1_5' title="bbox 205 621 2098 1932">
     <span class='ocr_line' id='line_1_10' title="bbox 414 621 2097 683; baseline -0.001 -15"><span class='ocrx_word' id='word_1_74' title='bbox 414 624 580 668; x_wconf 87' lang='lat' dir='ltr'>Primus</span> <span class='ocrx_word' id='word_1_75' title='bbox 623 622 699 666; x_wconf 88' lang='lat' dir='ltr'>fuit</span> <span class='ocrx_word' id='word_1_76' title='bbox 731 622 830 666; x_wconf 90' lang='lat' dir='ltr'>Aus.</span> <span class='ocrx_word' id='word_1_77' title='bbox 862 622 1041 683; x_wconf 85' lang='lat' dir='ltr'>Popma,</span> <span class='ocrx_word' id='word_1_78' title='bbox 1084 622 1155 683; x_wconf 90' lang='lat' dir='ltr'>qui</span> <span class='ocrx_word' id='word_1_79' title='bbox 1189 625 1415 666; x_wconf 88' lang='lat' dir='ltr'>Varronem</span> <span class='ocrx_word' id='word_1_80' title='bbox 1461 621 1587 666; x_wconf 88' lang='lat' dir='ltr'>altero</span> <span class='ocrx_word' id='word_1_81' title='bbox 1629 621 1720 666; x_wconf 92' lang='lat' dir='ltr'>loco</span> <span class='ocrx_word' id='word_1_82' title='bbox 1765 622 1816 666; x_wconf 89' lang='lat' dir='ltr'>de</span> <span class='ocrx_word' id='word_1_83' title='bbox 1859 621 1904 666; x_wconf 92' lang='lat' dir='ltr'>C.</span> <span class='ocrx_word' id='word_1_84' title='bbox 1934 621 2097 667; x_wconf 91' lang='lat' dir='ltr'>Licinio</span> 
     </span>
     <span class='ocr_line' id='line_1_11' title="bbox 225 694 2098 757; baseline -0.002 -14"><span class='ocrx_word' id='word_1_85' title='bbox 225 698 418 752; x_wconf 84' lang='lat' dir='ltr'>Stolone,</span> <span class='ocrx_word' id='word_1_86' title='bbox 451 698 577 742; x_wconf 86' lang='lat' dir='ltr'>altero</span> <span class='ocrx_word' id='word_1_87' title='bbox 611 696 662 741; x_wconf 88' lang='lat' dir='ltr'>de</span> <span class='ocrx_word' id='word_1_88' title='bbox 697 696 739 739; x_wconf 92' lang='lat' dir='ltr'>C.</span> <span class='ocrx_word' id='word_1_89' title='bbox 771 695 931 740; x_wconf 90' lang='lat' dir='ltr'>Licinio</span> <span class='ocrx_word' id='word_1_90' title='bbox 966 696 1116 740; x_wconf 85' lang='lat' dir='ltr'>Crasso</span> <span class='ocrx_word' id='word_1_91' title='bbox 1150 696 1365 757; x_wconf 80' lang='lat' dir='ltr'>scripsisse</span> <span class='ocrx_word' id='word_1_92' title='bbox 1399 695 1572 748; x_wconf 89' lang='lat' dir='ltr'>diceret,</span> <span class='ocrx_word' id='word_1_93' title='bbox 1606 713 1782 756; x_wconf 90' lang='lat' dir='ltr'>quorum</span> <span class='ocrx_word' id='word_1_94' title='bbox 1815 694 1882 741; x_wconf 89' lang='lat' dir='ltr'>ille</span> <span class='ocrx_word' id='word_1_95' title='bbox 1915 695 2098 757; x_wconf 88' lang='lat' dir='ltr'>primum</span> 
     </span>
     <span class='ocr_line' id='line_1_12' title="bbox 226 762 2094 831; baseline -0.002 -13"><span class='ocrx_word' id='word_1_96' title='bbox 226 791 259 818; x_wconf 89' lang='lat' dir='ltr'>a.</span> <span class='ocrx_word' id='word_1_97' title='bbox 292 774 342 818; x_wconf 90' lang='lat' dir='ltr'>U.</span> <span class='ocrx_word' id='word_1_98' title='bbox 378 762 424 817; x_wconf 33' lang='grc' dir='ltr'>Ο..</span> <span class='ocrx_word' id='word_1_99' title='bbox 456 770 781 817; x_wconf 85' lang='lat' dir='ltr'>CCCLXXVIH</span> <span class='ocrx_word' id='word_1_100' title='bbox 812 770 1004 814; x_wconf 70' lang='lat' dir='ltr'>tribunus</span> <span class='ocrx_word' id='word_1_101' title='bbox 1037 769 1170 831; x_wconf 88' lang='lat' dir='ltr'>plebis</span> <span class='ocrx_word' id='word_1_102' title='bbox 1203 770 1292 824; x_wconf 89' lang='lat' dir='ltr'>fuit,</span> <span class='ocrx_word' id='word_1_103' title='bbox 1325 770 1422 814; x_wconf 89' lang='lat' dir='ltr'>alter</span> <span class='ocrx_word' id='word_1_104' title='bbox 1454 788 1487 814; x_wconf 89' lang='lat' dir='ltr'>a.</span> <span class='ocrx_word' id='word_1_105' title='bbox 1520 772 1569 814; x_wconf 94' lang='lat' dir='ltr'>U.</span> <span class='ocrx_word' id='word_1_106' title='bbox 1598 770 1639 814; x_wconf 89' lang='lat' dir='ltr'>C.</span> <span class='ocrx_word' id='word_1_107' title='bbox 1672 770 1820 814; x_wconf 80' lang='lat' dir='ltr'>DCIX.</span> <span class='ocrx_word' id='word_1_108' title='bbox 1854 769 1940 815; x_wconf 88' lang='lat' dir='ltr'>Sed</span> <span class='ocrx_word' id='word_1_109' title='bbox 1971 787 2094 815; x_wconf 91' lang='lat' dir='ltr'>nemo</span> 
     </span>
     <span class='ocr_line' id='line_1_13' title="bbox 222 844 2094 906; baseline -0.002 -14"><span class='ocrx_word' id='word_1_110' title='bbox 222 858 404 892; x_wconf 86' lang='lat' dir='ltr'>veterum</span> <span class='ocrx_word' id='word_1_111' title='bbox 446 845 510 890; x_wconf 83' lang='lat' dir='ltr'>vel</span> <span class='ocrx_word' id='word_1_112' title='bbox 542 844 668 889; x_wconf 88' lang='lat' dir='ltr'>verbo</span> <span class='ocrx_word' id='word_1_113' title='bbox 711 844 894 897; x_wconf 84' lang='lat' dir='ltr'>monuit,</span> <span class='ocrx_word' id='word_1_114' title='bbox 940 844 984 888; x_wconf 91' lang='lat' dir='ltr'>C.</span> <span class='ocrx_word' id='word_1_115' title='bbox 1027 845 1243 899; x_wconf 83' lang='lat' dir='ltr'>Crassum,</span> <span class='ocrx_word' id='word_1_116' title='bbox 1293 845 1380 888; x_wconf 88' lang='lat' dir='ltr'>Caii</span> <span class='ocrx_word' id='word_1_117' title='bbox 1424 845 1639 906; x_wconf 85' lang='lat' dir='ltr'>Sempron.</span> <span class='ocrx_word' id='word_1_118' title='bbox 1682 844 1861 888; x_wconf 84' lang='lat' dir='ltr'>Gracchi</span> <span class='ocrx_word' id='word_1_119' title='bbox 1904 845 2094 897; x_wconf 88' lang='lat' dir='ltr'>amicum,</span> 
     </span>
     <span class='ocr_line' id='line_1_14' title="bbox 222 917 2094 980; baseline -0.003 -14"><span class='ocrx_word' id='word_1_120' title='bbox 222 921 401 966; x_wconf 83' lang='lat' dir='ltr'>movisse</span> <span class='ocrx_word' id='word_1_121' title='bbox 436 919 618 980; x_wconf 86' lang='lat' dir='ltr'>agrarias</span> <span class='ocrx_word' id='word_1_122' title='bbox 652 917 897 970; x_wconf 81' lang='lat' dir='ltr'>seditiones,</span> <span class='ocrx_word' id='word_1_123' title='bbox 930 934 1034 978; x_wconf 89' lang='lat' dir='ltr'>quae</span> <span class='ocrx_word' id='word_1_124' title='bbox 1068 918 1119 961; x_wconf 92' lang='lat' dir='ltr'>ab</span> <span class='ocrx_word' id='word_1_125' title='bbox 1153 936 1201 963; x_wconf 90' lang='lat' dir='ltr'>eo</span> <span class='ocrx_word' id='word_1_126' title='bbox 1235 935 1383 962; x_wconf 88' lang='lat' dir='ltr'>nomen</span> <span class='ocrx_word' id='word_1_127' title='bbox 1417 918 1634 971; x_wconf 86' lang='lat' dir='ltr'>ducerent,</span> <span class='ocrx_word' id='word_1_128' title='bbox 1666 936 1755 971; x_wconf 89' lang='lat' dir='ltr'>nec,</span> <span class='ocrx_word' id='word_1_129' title='bbox 1788 918 1824 962; x_wconf 92' lang='lat' dir='ltr'>si</span> <span class='ocrx_word' id='word_1_130' title='bbox 1857 918 1986 961; x_wconf 89' lang='lat' dir='ltr'>movit</span> <span class='ocrx_word' id='word_1_131' title='bbox 2017 935 2094 962; x_wconf 86' lang='lat' dir='ltr'>un-</span> 
     </span>
     <span class='ocr_line' id='line_1_15' title="bbox 223 990 2094 1056; baseline -0.001 -18"><span class='ocrx_word' id='word_1_132' title='bbox 223 1010 370 1056; x_wconf 86' lang='lat' dir='ltr'>quam,</span> <span class='ocrx_word' id='word_1_133' title='bbox 417 992 574 1052; x_wconf 88' lang='lat' dir='ltr'>aliquid</span> <span class='ocrx_word' id='word_1_134' title='bbox 615 991 712 1035; x_wconf 89' lang='lat' dir='ltr'>novi</span> <span class='ocrx_word' id='word_1_135' title='bbox 756 990 810 1034; x_wconf 89' lang='lat' dir='ltr'>de</span> <span class='ocrx_word' id='word_1_136' title='bbox 842 999 1008 1049; x_wconf 84' lang='lat' dir='ltr'><em>septem</em></span> <span class='ocrx_word' id='word_1_137' title='bbox 1040 993 1265 1049; x_wconf 79' lang='lat' dir='ltr'>iugeribus</span> <span class='ocrx_word' id='word_1_138' title='bbox 1297 1009 1464 1051; x_wconf 82' lang='lat' dir='ltr'>rogasse</span> <span class='ocrx_word' id='word_1_139' title='bbox 1496 992 1704 1052; x_wconf 86' lang='lat' dir='ltr'>putandus</span> <span class='ocrx_word' id='word_1_140' title='bbox 1747 1002 1828 1045; x_wconf 93' lang='lat' dir='ltr'>est,</span> <span class='ocrx_word' id='word_1_141' title='bbox 1873 992 1988 1052; x_wconf 92' lang='lat' dir='ltr'>quod</span> <span class='ocrx_word' id='word_1_142' title='bbox 2029 1008 2094 1036; x_wconf 81' lang='lat' dir='ltr'>se·</span> 
     </span>
     <span class='ocr_line' id='line_1_16' title="bbox 220 1064 2091 1128; baseline -0.002 -17"><span class='ocrx_word' id='word_1_143' title='bbox 220 1076 333 1128; x_wconf 86' lang='lat' dir='ltr'>ptem</span> <span class='ocrx_word' id='word_1_144' title='bbox 381 1065 448 1109; x_wconf 89' lang='lat' dir='ltr'>illa</span> <span class='ocrx_word' id='word_1_145' title='bbox 483 1066 624 1124; x_wconf 86' lang='lat' dir='ltr'>iugera</span> <span class='ocrx_word' id='word_1_146' title='bbox 656 1064 898 1125; x_wconf 88' lang='lat' dir='ltr'>plerumque</span> <span class='ocrx_word' id='word_1_147' title='bbox 933 1064 1061 1106; x_wconf 89' lang='lat' dir='ltr'>dividi</span> <span class='ocrx_word' id='word_1_148' title='bbox 1095 1064 1207 1125; x_wconf 89' lang='lat' dir='ltr'>plebi</span> <span class='ocrx_word' id='word_1_149' title='bbox 1240 1064 1436 1108; x_wconf 87' lang='lat' dir='ltr'>solebant.</span> <span class='ocrx_word' id='word_1_150' title='bbox 1468 1067 1515 1108; x_wconf 87' lang='lat' dir='ltr'>V.</span> <span class='ocrx_word' id='word_1_151' title='bbox 1551 1066 1594 1108; x_wconf 91' lang='lat' dir='ltr'>C.</span> <span class='ocrx_word' id='word_1_152' title='bbox 1617 1065 1731 1108; x_wconf 87' lang='lat' dir='ltr'>Plin.</span> <span class='ocrx_word' id='word_1_153' title='bbox 1749 1065 1797 1108; x_wconf 89' lang='lat' dir='ltr'>H.</span> <span class='ocrx_word' id='word_1_154' title='bbox 1814 1065 1862 1108; x_wconf 86' lang='lat' dir='ltr'>N.</span> <span class='ocrx_word' id='word_1_155' title='bbox 1876 1065 2029 1119; x_wconf 79' lang='lat' dir='ltr'>XVIII,</span> <span class='ocrx_word' id='word_1_156' title='bbox 2050 1068 2091 1113; x_wconf 83' lang='lat'>4.</span> 
     </span>
     <span class='ocr_line' id='line_1_17' title="bbox 219 1138 2096 1199; baseline -0.001 -16"><span class='ocrx_word' id='word_1_157' title='bbox 219 1141 371 1184; x_wconf 86' lang='lat' dir='ltr'>Manii</span> <span class='ocrx_word' id='word_1_158' title='bbox 398 1138 578 1199; x_wconf 81' lang='lat' dir='ltr'>quidem</span> <span class='ocrx_word' id='word_1_159' title='bbox 601 1139 728 1180; x_wconf 88' lang='lat' dir='ltr'>Curii</span> <span class='ocrx_word' id='word_1_160' title='bbox 746 1164 803 1170; x_wconf 90' lang='lat'>—</span> <span class='ocrx_word' id='word_1_161' title='bbox 831 1146 939 1180; x_wconf 85' lang='lat' dir='ltr'>nota</span> <span class='ocrx_word' id='word_1_162' title='bbox 973 1140 1121 1181; x_wconf 85' lang='lat' dir='ltr'>concio</span> <span class='ocrx_word' id='word_1_163' title='bbox 1156 1147 1244 1190; x_wconf 85' lang='lat' dir='ltr'>est,·</span> <span class='ocrx_word' id='word_1_164' title='bbox 1271 1140 1569 1198; x_wconf 82' lang='lat' dir='ltr'>perniciosum</span> <span class='ocrx_word' id='word_1_165' title='bbox 1600 1139 1809 1197; x_wconf 77' lang='lat' dir='ltr'>intelligit</span> <span class='ocrx_word' id='word_1_166' title='bbox 1841 1141 1987 1191; x_wconf 73' lang='lat' dir='ltr'>civem,</span> <span class='ocrx_word' id='word_1_167' title='bbox 2020 1141 2096 1183; x_wconf 87' lang='lat' dir='ltr'>cui</span> 
     </span>
     <span class='ocr_line' id='line_1_18' title="bbox 218 1211 2090 1272; baseline -0.001 -15"><span class='ocrx_word' id='word_1_168' title='bbox 218 1221 386 1272; x_wconf 85' lang='lat' dir='ltr'>septem</span> <span class='ocrx_word' id='word_1_169' title='bbox 429 1214 585 1270; x_wconf 82' lang='lat' dir='ltr'>iugera</span> <span class='ocrx_word' id='word_1_170' title='bbox 618 1227 706 1253; x_wconf 87' lang='lat' dir='ltr'>non</span> <span class='ocrx_word' id='word_1_171' title='bbox 741 1219 884 1253; x_wconf 80' lang='lat' dir='ltr'>essent</span> <span class='ocrx_word' id='word_1_172' title='bbox 926 1211 1050 1254; x_wconf 85' lang='lat' dir='ltr'>satis.</span> <span class='ocrx_word' id='word_1_173' title='bbox 1125 1213 1250 1255; x_wconf 86' lang='lat' dir='ltr'>Haec</span> <span class='ocrx_word' id='word_1_174' title='bbox 1284 1220 1433 1254; x_wconf 86' lang='lat' dir='ltr'>autem</span> <span class='ocrx_word' id='word_1_175' title='bbox 1465 1229 1672 1255; x_wconf 82' lang='lat' dir='ltr'>mensura</span> <span class='ocrx_word' id='word_1_176' title='bbox 1700 1212 1854 1271; x_wconf 86' lang='lat' dir='ltr'>plebei</span> <span class='ocrx_word' id='word_1_177' title='bbox 1875 1220 1982 1271; x_wconf 88' lang='lat' dir='ltr'>post</span> <span class='ocrx_word' id='word_1_178' title='bbox 2013 1229 2090 1255; x_wconf 76' lang='lat' dir='ltr'>ex-</span> 
     </span>
     <span class='ocr_line' id='line_1_19' title="bbox 217 1283 2088 1345; baseline 0 -16"><span class='ocrx_word' id='word_1_179' title='bbox 217 1296 342 1329; x_wconf 82' lang='lat' dir='ltr'>actos</span> <span class='ocrx_word' id='word_1_180' title='bbox 373 1303 497 1342; x_wconf 77' lang='lat' dir='ltr'>reges</span> <span class='ocrx_word' id='word_1_181' title='bbox 531 1286 768 1341; x_wconf 74' lang='lat' dir='ltr'>assignata</span> <span class='ocrx_word' id='word_1_182' title='bbox 801 1291 874 1327; x_wconf 90' lang='lat' dir='ltr'>est.</span> <span class='ocrx_word' id='word_1_183' title='bbox 940 1284 985 1326; x_wconf 91' lang='lat' dir='ltr'>T.</span> <span class='ocrx_word' id='word_1_184' title='bbox 1005 1283 1090 1327; x_wconf 86' lang='lat' dir='ltr'>Liv.</span> <span class='ocrx_word' id='word_1_185' title='bbox 1122 1285 1172 1336; x_wconf 91' lang='lat' dir='ltr'>V,</span> <span class='ocrx_word' id='word_1_186' title='bbox 1206 1289 1277 1332; x_wconf 88' lang='grc'>30.</span> <span class='ocrx_word' id='word_1_187' title='bbox 1309 1283 1517 1344; x_wconf 77' lang='lat' dir='ltr'>Adeoque</span> <span class='ocrx_word' id='word_1_188' title='bbox 1550 1302 1603 1328; x_wconf 89' lang='lat' dir='ltr'>ea</span> <span class='ocrx_word' id='word_1_189' title='bbox 1637 1286 1816 1329; x_wconf 70' lang='lat' dir='ltr'>victoria</span> <span class='ocrx_word' id='word_1_190' title='bbox 1851 1285 1973 1329; x_wconf 86' lang='lat' dir='ltr'>laeta</span> <span class='ocrx_word' id='word_1_191' title='bbox 2001 1302 2088 1345; x_wconf 85' lang='lat' dir='ltr'>pa-</span> 
     </span>
     <span class='ocr_line' id='line_1_20' title="bbox 217 1354 2088 1420; baseline 0 -18"><span class='ocrx_word' id='word_1_192' title='bbox 217 1359 357 1402; x_wconf 85' lang='lat' dir='ltr'>tribus</span> <span class='ocrx_word' id='word_1_193' title='bbox 374 1360 496 1419; x_wconf 83' lang='lat' dir='ltr'>suit,</span> <span class='ocrx_word' id='word_1_194' title='bbox 544 1366 596 1401; x_wconf 88' lang='lat' dir='ltr'>ut</span> <span class='ocrx_word' id='word_1_195' title='bbox 620 1365 800 1416; x_wconf 88' lang='lat' dir='ltr'>postero</span> <span class='ocrx_word' id='word_1_196' title='bbox 835 1354 906 1400; x_wconf 88' lang='lat' dir='ltr'>die</span> <span class='ocrx_word' id='word_1_197' title='bbox 937 1356 1227 1416; x_wconf 85' lang='lat' dir='ltr'>referentibus</span> <span class='ocrx_word' id='word_1_198' title='bbox 1259 1356 1512 1402; x_wconf 80' lang='lat' dir='ltr'>consulibus</span> <span class='ocrx_word' id='word_1_199' title='bbox 1544 1358 1977 1402; x_wconf 82' lang='lat' dir='ltr'>senatusconsultum</span> <span class='ocrx_word' id='word_1_200' title='bbox 1998 1356 2088 1420; x_wconf 83' lang='lat' dir='ltr'>fie-</span> 
     </span>
     <span class='ocr_line' id='line_1_21' title="bbox 214 1429 2085 1490; baseline 0.001 -15"><span class='ocrx_word' id='word_1_201' title='bbox 214 1442 292 1485; x_wconf 88' lang='lat' dir='ltr'>ret,</span> <span class='ocrx_word' id='word_1_202' title='bbox 325 1441 376 1474; x_wconf 89' lang='lat' dir='ltr'>ut</span> <span class='ocrx_word' id='word_1_203' title='bbox 407 1433 513 1488; x_wconf 76' lang='lat' dir='ltr'>agri</span> <span class='ocrx_word' id='word_1_204' title='bbox 534 1432 769 1473; x_wconf 81' lang='lat' dir='ltr'>Veientani</span> <span class='ocrx_word' id='word_1_205' title='bbox 795 1439 978 1487; x_wconf 82' lang='lat' dir='ltr'>septena</span> <span class='ocrx_word' id='word_1_206' title='bbox 999 1432 1155 1487; x_wconf 75' lang='lat' dir='ltr'>iugera</span> <span class='ocrx_word' id='word_1_207' title='bbox 1181 1431 1313 1488; x_wconf 82' lang='lat' dir='ltr'>plebi</span> <span class='ocrx_word' id='word_1_208' title='bbox 1340 1429 1642 1474; x_wconf 71' lang='lat' dir='ltr'>dividerentur.</span> <span class='ocrx_word' id='word_1_209' title='bbox 1710 1430 1826 1488; x_wconf 83' lang='lat' dir='ltr'>Quid</span> <span class='ocrx_word' id='word_1_210' title='bbox 1847 1431 1961 1490; x_wconf 87' lang='lat' dir='ltr'>quod</span> <span class='ocrx_word' id='word_1_211' title='bbox 1980 1431 2085 1477; x_wconf 84' lang='lat' dir='ltr'>adeo</span> 
     </span>
     <span class='ocr_line' id='line_1_22' title="bbox 213 1500 2085 1564; baseline -0.001 -15"><span class='ocrx_word' id='word_1_212' title='bbox 213 1505 308 1549; x_wconf 85' lang='lat' dir='ltr'>trita</span> <span class='ocrx_word' id='word_1_213' title='bbox 342 1514 457 1548; x_wconf 88' lang='lat' dir='ltr'>eraut</span> <span class='ocrx_word' id='word_1_214' title='bbox 489 1504 568 1547; x_wconf 87' lang='lat' dir='ltr'>ista</span> <span class='ocrx_word' id='word_1_215' title='bbox 599 1512 756 1564; x_wconf 82' lang='lat' dir='ltr'>septem</span> <span class='ocrx_word' id='word_1_216' title='bbox 790 1501 951 1561; x_wconf 87' lang='lat' dir='ltr'>iugera,</span> <span class='ocrx_word' id='word_1_217' title='bbox 984 1512 1029 1545; x_wconf 90' lang='lat' dir='ltr'>ut</span> <span class='ocrx_word' id='word_1_218' title='bbox 1061 1501 1282 1546; x_wconf 87' lang='lat' dir='ltr'>substituta</span> <span class='ocrx_word' id='word_1_219' title='bbox 1315 1500 1367 1546; x_wconf 88' lang='lat' dir='ltr'>ab</span> <span class='ocrx_word' id='word_1_220' title='bbox 1401 1500 1571 1546; x_wconf 90' lang='lat' dir='ltr'>librario</span> <span class='ocrx_word' id='word_1_221' title='bbox 1606 1502 1786 1562; x_wconf 91' lang='lat' dir='ltr'>quodam</span> <span class='ocrx_word' id='word_1_222' title='bbox 1807 1520 1897 1548; x_wconf 91' lang='lat' dir='ltr'>esse</span> <span class='ocrx_word' id='word_1_223' title='bbox 1916 1502 2085 1548; x_wconf 87' lang='lat' dir='ltr'>videan-</span> 
     </span>
     <span class='ocr_line' id='line_1_23' title="bbox 212 1575 2084 1636; baseline 0.001 -14"><span class='ocrx_word' id='word_1_224' title='bbox 212 1588 280 1622; x_wconf 88' lang='lat' dir='ltr'>tur</span> <span class='ocrx_word' id='word_1_225' title='bbox 311 1577 512 1622; x_wconf 90' lang='lat' dir='ltr'>vocabulo</span> <span class='ocrx_word' id='word_1_226' title='bbox 547 1577 682 1620; x_wconf 90' lang='lat' dir='ltr'>minus</span> <span class='ocrx_word' id='word_1_227' title='bbox 716 1575 951 1619; x_wconf 80' lang='lat' dir='ltr'>tralaticio?</span> <span class='ocrx_word' id='word_1_228' title='bbox 982 1575 1114 1620; x_wconf 90' lang='lat' dir='ltr'>Addit</span> <span class='ocrx_word' id='word_1_229' title='bbox 1136 1576 1296 1636; x_wconf 91' lang='lat' dir='ltr'>Popma</span> <span class='ocrx_word' id='word_1_230' title='bbox 1329 1586 1485 1636; x_wconf 86' lang='lat' dir='ltr'>septem</span> <span class='ocrx_word' id='word_1_231' title='bbox 1519 1575 1659 1635; x_wconf 86' lang='lat' dir='ltr'>iugera</span> <span class='ocrx_word' id='word_1_232' title='bbox 1693 1575 1874 1622; x_wconf 86' lang='lat' dir='ltr'>forensia</span> <span class='ocrx_word' id='word_1_233' title='bbox 1908 1595 1997 1623; x_wconf 87' lang='lat' dir='ltr'>esse</span> <span class='ocrx_word' id='word_1_234' title='bbox 2024 1596 2084 1632; x_wconf 88' lang='lat' dir='ltr'>ea,</span> 
     </span>
     <span class='ocr_line' id='line_1_24' title="bbox 211 1647 2083 1713; baseline -0.001 -16"><span class='ocrx_word' id='word_1_235' title='bbox 211 1669 316 1712; x_wconf 92' lang='lat' dir='ltr'>quae</span> <span class='ocrx_word' id='word_1_236' title='bbox 362 1651 404 1696; x_wconf 90' lang='lat' dir='ltr'>in</span> <span class='ocrx_word' id='word_1_237' title='bbox 447 1650 537 1695; x_wconf 89' lang='lat' dir='ltr'>foro</span> <span class='ocrx_word' id='word_1_238' title='bbox 583 1648 627 1709; x_wconf 92' lang='lat' dir='ltr'>(i.</span> <span class='ocrx_word' id='word_1_239' title='bbox 661 1667 692 1694; x_wconf 92' lang='lat' dir='ltr'>e.</span> <span class='ocrx_word' id='word_1_240' title='bbox 727 1647 904 1694; x_wconf 89' lang='lat' dir='ltr'>comitiis</span> <span class='ocrx_word' id='word_1_241' title='bbox 948 1647 1134 1709; x_wconf 86' lang='lat' dir='ltr'>tributis)</span> <span class='ocrx_word' id='word_1_242' title='bbox 1178 1647 1360 1711; x_wconf 90' lang='lat' dir='ltr'>primum</span> <span class='ocrx_word' id='word_1_243' title='bbox 1406 1648 1613 1710; x_wconf 84' lang='lat' dir='ltr'>assignata</span> <span class='ocrx_word' id='word_1_244' title='bbox 1654 1648 1738 1694; x_wconf 89' lang='lat' dir='ltr'>sint</span> <span class='ocrx_word' id='word_1_245' title='bbox 1778 1649 1910 1712; x_wconf 84' lang='lat' dir='ltr'>plebi,</span> <span class='ocrx_word' id='word_1_246' title='bbox 1956 1668 2083 1713; x_wconf 89' lang='lat' dir='ltr'>quum</span> 
     </span>
     <span class='ocr_line' id='line_1_25' title="bbox 210 1721 2083 1785; baseline -0.001 -15"><span class='ocrx_word' id='word_1_247' title='bbox 210 1735 302 1770; x_wconf 90' lang='lat' dir='ltr'>ante</span> <span class='ocrx_word' id='word_1_248' title='bbox 324 1724 365 1770; x_wconf 92' lang='lat' dir='ltr'>C.</span> <span class='ocrx_word' id='word_1_249' title='bbox 389 1724 581 1769; x_wconf 87' lang='lat' dir='ltr'>Crassum</span> <span class='ocrx_word' id='word_1_250' title='bbox 602 1721 753 1768; x_wconf 89' lang='lat' dir='ltr'>factum</span> <span class='ocrx_word' id='word_1_251' title='bbox 780 1721 824 1767; x_wconf 89' lang='lat' dir='ltr'>id</span> <span class='ocrx_word' id='word_1_252' title='bbox 858 1731 965 1767; x_wconf 87' lang='lat' dir='ltr'>esset</span> <span class='ocrx_word' id='word_1_253' title='bbox 998 1731 1164 1767; x_wconf 88' lang='lat' dir='ltr'>senatus</span> <span class='ocrx_word' id='word_1_254' title='bbox 1198 1722 1397 1768; x_wconf 91' lang='lat' dir='ltr'>consulto.</span> <span class='ocrx_word' id='word_1_255' title='bbox 1463 1723 1617 1767; x_wconf 88' lang='lat' dir='ltr'>Contra</span> <span class='ocrx_word' id='word_1_256' title='bbox 1651 1723 1766 1784; x_wconf 92' lang='lat' dir='ltr'>quod</span> <span class='ocrx_word' id='word_1_257' title='bbox 1799 1724 1890 1785; x_wconf 91' lang='lat' dir='ltr'>ipse</span> <span class='ocrx_word' id='word_1_258' title='bbox 1909 1725 2083 1770; x_wconf 88' lang='lat' dir='ltr'>Schnei-</span> 
     </span>
     <span class='ocr_line' id='line_1_26' title="bbox 208 1795 2082 1860; baseline 0 -17"><span class='ocrx_word' id='word_1_259' title='bbox 208 1797 331 1843; x_wconf 89' lang='lat' dir='ltr'>derus</span> <span class='ocrx_word' id='word_1_260' title='bbox 363 1796 553 1859; x_wconf 87' lang='lat' dir='ltr'>pluribus</span> <span class='ocrx_word' id='word_1_261' title='bbox 588 1795 784 1857; x_wconf 86' lang='lat' dir='ltr'>exemplis</span> <span class='ocrx_word' id='word_1_262' title='bbox 818 1795 960 1840; x_wconf 86' lang='lat' dir='ltr'>docuit</span> <span class='ocrx_word' id='word_1_263' title='bbox 992 1795 1075 1840; x_wconf 90' lang='lat' dir='ltr'>iam</span> <span class='ocrx_word' id='word_1_264' title='bbox 1108 1805 1201 1841; x_wconf 85' lang='lat' dir='ltr'>aute</span> <span class='ocrx_word' id='word_1_265' title='bbox 1236 1812 1388 1842; x_wconf 85' lang='lat' dir='ltr'>annum</span> <span class='ocrx_word' id='word_1_266' title='bbox 1408 1796 1547 1841; x_wconf 91' lang='lat' dir='ltr'>DCIX</span> <span class='ocrx_word' id='word_1_267' title='bbox 1574 1796 1806 1856; x_wconf 86' lang='lat' dir='ltr'>assignatos</span> <span class='ocrx_word' id='word_1_268' title='bbox 1840 1814 1961 1857; x_wconf 85' lang='lat' dir='ltr'>agros</span> <span class='ocrx_word' id='word_1_269' title='bbox 1994 1798 2082 1860; x_wconf 72' lang='lat' dir='ltr'>ple-&#39;-</span> 
     </span>
     <span class='ocr_line' id='line_1_27' title="bbox 205 1868 2080 1932; baseline 0.001 -17"><span class='ocrx_word' id='word_1_270' title='bbox 205 1871 250 1915; x_wconf 90' lang='lat' dir='ltr'>bi</span> <span class='ocrx_word' id='word_1_271' title='bbox 282 1870 411 1916; x_wconf 87' lang='lat' dir='ltr'>fuisse</span> <span class='ocrx_word' id='word_1_272' title='bbox 443 1870 686 1930; x_wconf 84' lang='lat' dir='ltr'>rogantibus</span> <span class='ocrx_word' id='word_1_273' title='bbox 718 1869 897 1913; x_wconf 90' lang='lat' dir='ltr'>tribunis</span> <span class='ocrx_word' id='word_1_274' title='bbox 931 1868 1078 1930; x_wconf 89' lang='lat' dir='ltr'>plebis.</span> <span class='ocrx_word' id='word_1_275' title='bbox 1151 1870 1318 1930; x_wconf 89' lang='lat' dir='ltr'>Neque,</span> <span class='ocrx_word' id='word_1_276' title='bbox 1363 1879 1407 1914; x_wconf 91' lang='lat' dir='ltr'>ut</span> <span class='ocrx_word' id='word_1_277' title='bbox 1441 1869 1521 1914; x_wconf 93' lang='lat' dir='ltr'>hoc</span> <span class='ocrx_word' id='word_1_278' title='bbox 1555 1870 1779 1923; x_wconf 84' lang='lat' dir='ltr'>addamus,</span> <span class='ocrx_word' id='word_1_279' title='bbox 1821 1871 1981 1932; x_wconf 89' lang='lat' dir='ltr'>Popma</span> <span class='ocrx_word' id='word_1_280' title='bbox 2014 1889 2080 1917; x_wconf 88' lang='lat' dir='ltr'>sa-</span> 
     </span>
    </p>
   </div>
   <div class='ocr_carea' id='block_1_5' title="bbox 178 1943 2080 2007">
    <p class='ocr_par' dir='ltr' id='par_1_6' title="bbox 178 1943 2080 2007">
     <span class='ocr_line' id='line_1_28' title="bbox 178 1943 2080 2007; baseline 0.001 -18"><span class='ocrx_word' id='word_1_281' title='bbox 178 1944 357 1989; x_wconf 71' lang='lat' dir='ltr'>tisfecit</span> <span class='ocrx_word' id='word_1_282' title='bbox 383 1943 675 2005; x_wconf 86' lang='lat' dir='ltr'>quaerentibus</span> <span class='ocrx_word' id='word_1_283' title='bbox 709 1943 1046 2004; x_wconf 79' lang='lat' dir='ltr'>interpretatione</span> <span class='ocrx_word' id='word_1_284' title='bbox 1078 1960 1153 1987; x_wconf 90' lang='lat' dir='ltr'>sua</span> <span class='ocrx_word' id='word_1_285' title='bbox 1186 1943 1323 1988; x_wconf 88' lang='lat' dir='ltr'>educti</span> <span class='ocrx_word' id='word_1_286' title='bbox 1356 1960 1404 1988; x_wconf 87' lang='lat' dir='ltr'>ex</span> <span class='ocrx_word' id='word_1_287' title='bbox 1437 1943 1607 1989; x_wconf 86' lang='lat' dir='ltr'>comitio</span> <span class='ocrx_word' id='word_1_288' title='bbox 1640 1943 1811 2006; x_wconf 87' lang='lat' dir='ltr'>populi;</span> <span class='ocrx_word' id='word_1_289' title='bbox 1843 1944 1949 1990; x_wconf 89' lang='lat' dir='ltr'>nihil</span> <span class='ocrx_word' id='word_1_290' title='bbox 1980 1962 2080 2007; x_wconf 88' lang='lat' dir='ltr'>por-</span> 
     </span>
    </p>
   </div>
   <div class='ocr_carea' id='block_1_6' title="bbox 204 2016 2078 2153">
    <p class='ocr_par' dir='ltr' id='par_1_7' title="bbox 204 2016 2078 2153">
     <span class='ocr_line' id='line_1_29' title="bbox 204 2016 2078 2078; baseline 0.002 -16"><span class='ocrx_word' id='word_1_291' title='bbox 204 2035 252 2063; x_wconf 89' lang='lat' dir='ltr'>ro</span> <span class='ocrx_word' id='word_1_292' title='bbox 294 2018 455 2062; x_wconf 87' lang='lat' dir='ltr'>monuit</span> <span class='ocrx_word' id='word_1_293' title='bbox 498 2017 549 2062; x_wconf 87' lang='lat' dir='ltr'>de</span> <span class='ocrx_word' id='word_1_294' title='bbox 592 2017 661 2062; x_wconf 84' lang='lat' dir='ltr'>illa</span> <span class='ocrx_word' id='word_1_295' title='bbox 704 2016 882 2062; x_wconf 88' lang='lat' dir='ltr'>formula</span> <span class='ocrx_word' id='word_1_296' title='bbox 926 2016 1061 2077; x_wconf 87' lang='lat' dir='ltr'>legum</span> <span class='ocrx_word' id='word_1_297' title='bbox 1095 2035 1241 2078; x_wconf 87' lang='lat' dir='ltr'>parum</span> <span class='ocrx_word' id='word_1_298' title='bbox 1275 2016 1424 2062; x_wconf 84' lang='lat' dir='ltr'>usitata</span> <span class='ocrx_word' id='word_1_299' title='bbox 1456 2019 1503 2062; x_wconf 91' lang='lat' dir='ltr'>in</span> <span class='ocrx_word' id='word_1_300' title='bbox 1536 2027 1703 2078; x_wconf 86' lang='lat' dir='ltr'>septem</span> <span class='ocrx_word' id='word_1_301' title='bbox 1747 2020 1912 2078; x_wconf 62' lang='lat' dir='ltr'>iugera.</span> <span class='ocrx_word' id='word_1_302' title='bbox 1985 2023 2078 2067; x_wconf 88' lang='lat' dir='ltr'>Iure</span> 
     </span>
     <span class='ocr_line' id='line_1_30' title="bbox 204 2085 2077 2153; baseline 0.002 -18"><span class='ocrx_word' id='word_1_303' title='bbox 204 2092 330 2151; x_wconf 85' lang='lat' dir='ltr'>igitur</span> <span class='ocrx_word' id='word_1_304' title='bbox 350 2091 451 2137; x_wconf 88' lang='lat' dir='ltr'>haec</span> <span class='ocrx_word' id='word_1_305' title='bbox 476 2091 677 2136; x_wconf 87' lang='lat' dir='ltr'>sententia</span> <span class='ocrx_word' id='word_1_306' title='bbox 697 2091 941 2151; x_wconf 82' lang='lat' dir='ltr'>exploditur.</span> <span class='ocrx_word' id='word_1_307' title='bbox 1006 2091 1203 2152; x_wconf 87' lang='lat' dir='ltr'>Sequitur</span> <span class='ocrx_word' id='word_1_308' title='bbox 1227 2085 1684 2153; x_wconf 63' lang='lat' dir='ltr'>Pighihs,&#39;qui·Annal.</span> <span class='ocrx_word' id='word_1_309' title='bbox 1700 2092 1771 2137; x_wconf 80' lang='lat' dir='ltr'>.ad</span> <span class='ocrx_word' id='word_1_310' title='bbox 1790 2093 2077 2139; x_wconf 58' lang='lat' dir='ltr'>annrDCVIII</span> 
     </span>
    </p>
   </div>
   <div class='ocr_carea' id='block_1_7' title="bbox 198 2164 2074 2225">
    <p class='ocr_par' dir='ltr' id='par_1_8' title="bbox 198 2164 2074 2225">
     <span class='ocr_line' id='line_1_31' title="bbox 198 2164 2074 2225; baseline 0.003 -18"><span class='ocrx_word' id='word_1_311' title='bbox 198 2169 261 2225; x_wconf 80' lang='lat' dir='ltr'>(p.</span> <span class='ocrx_word' id='word_1_312' title='bbox 294 2169 403 2221; x_wconf 75' lang='lat'>463)</span> <span class='ocrx_word' id='word_1_313' title='bbox 437 2165 534 2209; x_wconf 86' lang='lat' dir='ltr'>item</span> <span class='ocrx_word' id='word_1_314' title='bbox 568 2164 619 2209; x_wconf 88' lang='lat' dir='ltr'>de</span> <span class='ocrx_word' id='word_1_315' title='bbox 654 2164 695 2208; x_wconf 94' lang='lat' dir='ltr'>C.</span> <span class='ocrx_word' id='word_1_316' title='bbox 727 2164 889 2209; x_wconf 89' lang='lat' dir='ltr'>Licinio</span> <span class='ocrx_word' id='word_1_317' title='bbox 925 2164 967 2209; x_wconf 91' lang='lat' dir='ltr'>C.</span> <span class='ocrx_word' id='word_1_318' title='bbox 999 2164 1043 2209; x_wconf 89' lang='lat' dir='ltr'>F.</span> <span class='ocrx_word' id='word_1_319' title='bbox 1078 2164 1120 2209; x_wconf 90' lang='lat' dir='ltr'>C.</span> <span class='ocrx_word' id='word_1_320' title='bbox 1152 2165 1200 2210; x_wconf 86' lang='lat' dir='ltr'>N.</span> <span class='ocrx_word' id='word_1_321' title='bbox 1235 2164 1386 2210; x_wconf 80' lang='lat' dir='ltr'>Crasso</span> <span class='ocrx_word' id='word_1_322' title='bbox 1421 2164 1595 2225; x_wconf 85' lang='lat' dir='ltr'>cogitat,</span> <span class='ocrx_word' id='word_1_323' title='bbox 1636 2165 1710 2211; x_wconf 87' lang='lat' dir='ltr'>sed</span> <span class='ocrx_word' id='word_1_324' title='bbox 1743 2165 1821 2220; x_wconf 86' lang='lat' dir='ltr'>ita,</span> <span class='ocrx_word' id='word_1_325' title='bbox 1865 2176 1911 2210; x_wconf 88' lang='lat' dir='ltr'>ut</span> <span class='ocrx_word' id='word_1_326' title='bbox 1943 2166 1995 2212; x_wconf 87' lang='lat' dir='ltr'>de</span> <span class='ocrx_word' id='word_1_327' title='bbox 2028 2184 2074 2214; x_wconf 86' lang='lat' dir='ltr'>ea</span> 
     </span>
    </p>
   </div>
   <div class='ocr_carea' id='block_1_8' title="bbox 202 2236 2073 2669">
    <p class='ocr_par' dir='ltr' id='par_1_9' title="bbox 202 2236 2073 2669">
     <span class='ocr_line' id='line_1_32' title="bbox 202 2236 2073 2300; baseline 0.002 -19"><span class='ocrx_word' id='word_1_328' title='bbox 202 2237 363 2281; x_wconf 85' lang='lat' dir='ltr'>ratione</span> <span class='ocrx_word' id='word_1_329' title='bbox 397 2236 535 2280; x_wconf 87' lang='lat' dir='ltr'>Crassi</span> <span class='ocrx_word' id='word_1_330' title='bbox 568 2237 620 2280; x_wconf 84' lang='lat' dir='ltr'>ad</span> <span class='ocrx_word' id='word_1_331' title='bbox 652 2237 854 2298; x_wconf 86' lang='lat' dir='ltr'>populum</span> <span class='ocrx_word' id='word_1_332' title='bbox 887 2237 1036 2297; x_wconf 87' lang='lat' dir='ltr'>agendi</span> <span class='ocrx_word' id='word_1_333' title='bbox 1070 2238 1335 2298; x_wconf 81' lang='lat' dir='ltr'>intelligenda</span> <span class='ocrx_word' id='word_1_334' title='bbox 1368 2239 1509 2283; x_wconf 90' lang='lat' dir='ltr'>omnia</span> <span class='ocrx_word' id='word_1_335' title='bbox 1541 2255 1630 2284; x_wconf 90' lang='lat' dir='ltr'>esse</span> <span class='ocrx_word' id='word_1_336' title='bbox 1665 2249 1841 2292; x_wconf 88' lang='lat' dir='ltr'>censeat,</span> <span class='ocrx_word' id='word_1_337' title='bbox 1875 2256 1979 2300; x_wconf 87' lang='lat' dir='ltr'>quae</span> <span class='ocrx_word' id='word_1_338' title='bbox 2005 2258 2073 2285; x_wconf 85' lang='lat' dir='ltr'>ex-</span> 
     </span>
     <span class='ocr_line' id='line_1_33' title="bbox 203 2309 2073 2372; baseline 0.002 -20"><span class='ocrx_word' id='word_1_339' title='bbox 203 2320 383 2371; x_wconf 87' lang='lat' dir='ltr'>ponatur</span> <span class='ocrx_word' id='word_1_340' title='bbox 415 2327 438 2353; x_wconf 86' lang='lat' dir='ltr'>a</span> <span class='ocrx_word' id='word_1_341' title='bbox 472 2309 671 2354; x_wconf 88' lang='lat' dir='ltr'>Cicerone</span> <span class='ocrx_word' id='word_1_342' title='bbox 702 2309 810 2354; x_wconf 87' lang='lat' dir='ltr'>Lael.</span> <span class='ocrx_word' id='word_1_343' title='bbox 843 2315 940 2358; x_wconf 82' lang='lat'>25.:</span> <span class='ocrx_word' id='word_1_344' title='bbox 974 2313 1117 2371; x_wconf 80' lang='lat' dir='ltr'>Atque</span> <span class='ocrx_word' id='word_1_345' title='bbox 1150 2313 1189 2354; x_wconf 90' lang='lat' dir='ltr'>is</span> <span class='ocrx_word' id='word_1_346' title='bbox 1223 2312 1285 2368; x_wconf 94' lang='lat' dir='ltr'>(C.</span> <span class='ocrx_word' id='word_1_347' title='bbox 1318 2312 1505 2355; x_wconf 90' lang='lat' dir='ltr'>Licinius</span> <span class='ocrx_word' id='word_1_348' title='bbox 1540 2312 1733 2369; x_wconf 90' lang='lat' dir='ltr'>Crassus)</span> <span class='ocrx_word' id='word_1_349' title='bbox 1772 2314 1972 2372; x_wconf 85' lang='lat' dir='ltr'>primum</span> <span class='ocrx_word' id='word_1_350' title='bbox 2004 2315 2073 2356; x_wconf 88' lang='lat' dir='ltr'>in-</span> 
     </span>
     <span class='ocr_line' id='line_1_34' title="bbox 203 2383 2070 2445; baseline 0.002 -18"><span class='ocrx_word' id='word_1_351' title='bbox 203 2384 348 2427; x_wconf 84' lang='lat' dir='ltr'>stituit</span> <span class='ocrx_word' id='word_1_352' title='bbox 378 2384 426 2426; x_wconf 88' lang='lat' dir='ltr'>in</span> <span class='ocrx_word' id='word_1_353' title='bbox 443 2383 604 2442; x_wconf 87' lang='lat' dir='ltr'>forum</span> <span class='ocrx_word' id='word_1_354' title='bbox 637 2399 782 2427; x_wconf 76' lang='lat' dir='ltr'>versus</span> <span class='ocrx_word' id='word_1_355' title='bbox 815 2400 946 2441; x_wconf 78' lang='lat' dir='ltr'>agere</span> <span class='ocrx_word' id='word_1_356' title='bbox 980 2400 1077 2427; x_wconf 90' lang='lat' dir='ltr'>cum</span> <span class='ocrx_word' id='word_1_357' title='bbox 1105 2385 1302 2445; x_wconf 76' lang='lat' dir='ltr'>popula,</span> <span class='ocrx_word' id='word_1_358' title='bbox 1353 2390 1500 2445; x_wconf 89' lang='lat' dir='ltr'>(quum</span> <span class='ocrx_word' id='word_1_359' title='bbox 1533 2395 1651 2433; x_wconf 83' lang='lat' dir='ltr'>antea</span> <span class='ocrx_word' id='word_1_360' title='bbox 1686 2384 1899 2430; x_wconf 86' lang='lat' dir='ltr'>comitium</span> <span class='ocrx_word' id='word_1_361' title='bbox 1929 2403 2070 2431; x_wconf 85' lang='lat' dir='ltr'>versus</span> 
     </span>
     <span class='ocr_line' id='line_1_35' title="bbox 209 2455 2070 2520; baseline 0.003 -22"><span class='ocrx_word' id='word_1_362' title='bbox 209 2464 248 2499; x_wconf 89' lang='lat' dir='ltr'>et</span> <span class='ocrx_word' id='word_1_363' title='bbox 280 2455 433 2499; x_wconf 87' lang='lat' dir='ltr'>curiam</span> <span class='ocrx_word' id='word_1_364' title='bbox 477 2472 595 2499; x_wconf 85' lang='lat' dir='ltr'>orare</span> <span class='ocrx_word' id='word_1_365' title='bbox 638 2466 905 2499; x_wconf 89' lang='lat' dir='ltr'>consuessent</span> <span class='ocrx_word' id='word_1_366' title='bbox 936 2458 985 2499; x_wconf 86' lang='lat' dir='ltr'>V.</span> <span class='ocrx_word' id='word_1_367' title='bbox 1017 2456 1121 2500; x_wconf 86' lang='lat' dir='ltr'>Plut.</span> <span class='ocrx_word' id='word_1_368' title='bbox 1156 2458 1198 2501; x_wconf 93' lang='lat' dir='ltr'>C.</span> <span class='ocrx_word' id='word_1_369' title='bbox 1232 2457 1406 2502; x_wconf 88' lang='lat' dir='ltr'>Gracch.</span> <span class='ocrx_word' id='word_1_370' title='bbox 1438 2464 1507 2516; x_wconf 88' lang='grc'>5.).</span> <span class='ocrx_word' id='word_1_371' title='bbox 1571 2458 1656 2503; x_wconf 92' lang='lat' dir='ltr'>Sed</span> <span class='ocrx_word' id='word_1_372' title='bbox 1688 2459 1760 2520; x_wconf 90' lang='lat' dir='ltr'>qui</span> <span class='ocrx_word' id='word_1_373' title='bbox 1791 2458 1959 2503; x_wconf 87' lang='lat' dir='ltr'>tandem</span> <span class='ocrx_word' id='word_1_374' title='bbox 1988 2459 2070 2505; x_wconf 85' lang='lat' dir='ltr'>hoc</span> 
     </span>
     <span class='ocr_line' id='line_1_36' title="bbox 208 2527 2070 2595; baseline 0.004 -25"><span class='ocrx_word' id='word_1_375' title='bbox 208 2527 437 2586; x_wconf 86' lang='lat' dir='ltr'>significare</span> <span class='ocrx_word' id='word_1_376' title='bbox 468 2539 643 2589; x_wconf 87' lang='lat' dir='ltr'>possunt</span> <span class='ocrx_word' id='word_1_377' title='bbox 674 2529 799 2574; x_wconf 85' lang='lat' dir='ltr'>verba</span> <span class='ocrx_word' id='word_1_378' title='bbox 816 2529 1038 2575; x_wconf 88' lang='lat' dir='ltr'>Varronis:</span> <span class='ocrx_word' id='word_1_379' title='bbox 1072 2530 1212 2575; x_wconf 88' lang='lat' dir='ltr'>eduxit</span> <span class='ocrx_word' id='word_1_380' title='bbox 1244 2531 1433 2591; x_wconf 83' lang='lat' dir='ltr'>(adduxit</span> <span class='ocrx_word' id='word_1_381' title='bbox 1466 2531 1611 2577; x_wconf 89' lang='lat' dir='ltr'>callide</span> <span class='ocrx_word' id='word_1_382' title='bbox 1643 2532 1836 2593; x_wconf 87' lang='lat' dir='ltr'>Pighius)</span> <span class='ocrx_word' id='word_1_383' title='bbox 1868 2532 2070 2595; x_wconf 85' lang='lat' dir='ltr'>populum</span> 
     </span>
     <span class='ocr_line' id='line_1_37' title="bbox 209 2600 2069 2669; baseline 0.005 -25"><span class='ocrx_word' id='word_1_384' title='bbox 209 2616 230 2645; x_wconf 89' lang='lat' dir='ltr'>e</span> <span class='ocrx_word' id='word_1_385' title='bbox 265 2600 430 2645; x_wconf 87' lang='lat' dir='ltr'>comitio</span> <span class='ocrx_word' id='word_1_386' title='bbox 464 2601 507 2645; x_wconf 89' lang='lat' dir='ltr'>in</span> <span class='ocrx_word' id='word_1_387' title='bbox 540 2611 694 2662; x_wconf 89' lang='lat' dir='ltr'>septem</span> <span class='ocrx_word' id='word_1_388' title='bbox 728 2602 868 2661; x_wconf 87' lang='lat' dir='ltr'>iugera</span> <span class='ocrx_word' id='word_1_389' title='bbox 900 2601 1110 2649; x_wconf 85' lang='lat' dir='ltr'>forensia?</span> <span class='ocrx_word' id='word_1_390' title='bbox 1172 2605 1283 2651; x_wconf 87' lang='lat' dir='ltr'>Num</span> <span class='ocrx_word' id='word_1_391' title='bbox 1314 2622 1407 2651; x_wconf 89' lang='lat' dir='ltr'>vere</span> <span class='ocrx_word' id='word_1_392' title='bbox 1440 2600 1678 2667; x_wconf 86' lang='lat' dir='ltr'>putabimus</span> <span class='ocrx_word' id='word_1_393' title='bbox 1710 2616 1893 2668; x_wconf 89' lang='lat' dir='ltr'>„septem</span> <span class='ocrx_word' id='word_1_394' title='bbox 1926 2607 2069 2669; x_wconf 84' lang='lat' dir='ltr'>iugera</span> 
     </span>
    </p>
   </div>
   <div class='ocr_carea' id='block_1_9' title="bbox 2242 0 2312 2998">
    <p class='ocr_par' dir='ltr' id='par_1_10' title="bbox 2242 0 2312 2998">
     <span class='ocr_line' id='line_1_38' title="bbox 2242 0 2312 2998; baseline 0 0"><span class='ocrx_word' id='word_1_395' title='bbox 2242 0 2312 2998; x_wconf 95' lang='lat' dir='ltr'> </span> 
     </span>
    </p>
   </div>
  </div>
 </body>
</html>
