2312 2998
1140 44 1168 86 5
1668 58 1689 81 s

216 163 480 226 perspicitur,
513 161 745 224 perlataene
765 160 917 206 fuerint
937 161 1012 207 hae
1044 164 1279 224 rogationes
1300 181 1322 208 a
1340 163 1500 209 Licinio
1520 164 1742 226 Sextioque
1786 163 1847 209 vel
1881 163 1996 208 irrita
2030 162 2092 208 fa-

218 249 280 283 cta
314 237 609 280 intercessione
644 235 916 296 collegarum,
951 235 1065 281 cuius
1097 238 1156 282 rei
1189 239 1281 300 ipsa
1314 249 1474 283 saturae
1506 239 1609 283 ratio
1645 256 1766 283 causa
1809 255 1898 283 esse
1940 237 2090 299 potuit,

218 330 270 357 an
304 312 362 355 M.
385 310 536 355 Furius
572 309 767 354 Camillus
801 310 976 355 dictator
1009 311 1052 355 in
1084 312 1269 358 ordinem
1305 331 1327 357 a
1358 313 1535 357 tribunis
1569 323 1734 358 coactus
1766 323 1925 357 tantum
1957 322 2090 357 terro-

216 403 302 432 rem
338 385 459 430 ctiam
506 383 856 429 intercedentibus
890 385 1126 441 incusserit,
1158 396 1203 431 ut
1234 386 1351 432 fracti
1386 387 1533 432 animis
1568 387 1841 449 a-proposito
1876 386 2086 431 abstinue-

217 460 311 505 rint.
377 458 427 503 Id
459 475 556 503 vero
592 468 746 503 certum
782 469 853 512 est,
886 469 1023 520 patres
1057 471 1240 506 auctores
1272 461 1401 506 factos
1436 478 1523 506 esse
1558 461 1751 506 omnibus
1784 460 2085 521 rogationibus,

215 544 441 596 postquam
475 543 633 594 partem
670 532 930 587 consulatus,
963 545 1217 595 praeturam,
1251 535 1331 580 sibi
1364 535 1463 581 solis
1498 535 1771 581 extorsissent.

405 607 466 651 Ex
499 616 693 668 quattuor
727 616 860 651 autem
893 606 1016 662 locis,
1048 608 1092 652 in
1125 626 1229 670 quos
1261 608 1512 671 reipublicae
1544 609 1718 653 sormam
1753 608 1978 657 diviserant
2010 607 2083 651 tri-

214 681 315 726 buni
343 680 491 742 plebis,
525 681 626 726 alter
644 673 722 735 ille,
757 682 828 743 qui
854 682 896 726 in
920 683 1205 728 constituendo
1225 701 1415 744 agrorum
1437 684 1566 728 modo-
1584 683 1784 737 consistit,
1816 682 1993 727 maxime
2015 699 2083 726 ac-

215 755 402 801 cendisse
435 755 598 800 videtur
630 755 789 799 animos
823 755 1060 815 Quiritium.
1122 757 1259 818 Atque
1291 757 1341 801 de
1375 757 1454 801 hoc
1487 757 1652 818 quidem
1685 775 1796 802 nunc
1837 756 1961 808 nobis
1995 772 2082 800 ser-

213 847 282 873 mo
318 840 387 874 est.
452 829 622 888 Legitur
655 829 762 873 enim
797 829 840 873 in
873 831 931 875 M.
964 829 1145 875 Terentii
1178 830 1374 875 Varronis
1419 830 1527 875 libro
1569 831 1705 892 primo
1740 830 1791 875 de
1835 847 1880 874 re
1912 829 2080 882 rustica,

213 920 300 964 cap.
333 910 374 950 2.
422 901 537 947 locus
588 902 922 963 corruptissimus
965 903 1015 949 de
1057 903 1340 963 rogationibus
1380 903 1571 949 Liciniis:
1624 906 1746 949 Nam
1780 904 1823 947 C.
1855 903 2078 948 Licinium

196 976 438 1021 ‘Stolonem
462 984 504 1020 et
526 978 600 1020 Cn.
626 977 905 1020 Tremellium
929 978 1132 1038 Scrofam
1150 978 1270 1022 video
1295 980 1460 1022 venire:
1492 995 1628 1021 unum
1650 979 1774 1021 cuius
1805 978 1999 1020 maiores
2023 974 2078 1019 de

211 1049 343 1094 modo
364 1051 470 1109 agri
484 1050 623 1108 legem
645 1050 844 1096 tulerunt.
907 1053 1028 1096 Nam
1051 1051 1244 1096 Stolonis
1274 1051 1356 1095 illa
1387 1052 1474 1104 lex,
1508 1068 1622 1112 quae
1656 1059 1772 1095 vetat
1796 1050 1905 1110 plus
1938 1052 1984 1093 D
2010 1050 2077 1092 iu-

208 1141 320 1182 gera
353 1122 516 1167 habere
549 1125 681 1167 civem
722 1142 954 1168 romanum
999 1133 1042 1168 et
1071 1126 1153 1186 qui
1173 1133 1355 1185 propter
1387 1124 1666 1183 diligentiam
1698 1124 1896 1167 culturae
1932 1121 2076 1166 Stolo-

212 1214 319 1240 nnm
352 1196 625 1258 confirmavit
656 1215 913 1256 cognomen,
955 1198 1080 1260 quod
1106 1198 1253 1242 nullus
1285 1200 1330 1241 in
1364 1200 1454 1241 eius
1473 1197 1626 1258 fundo
1668 1198 1855 1257 reperiri
1893 1204 2078 1255 poterat

211 1271 350 1323 stolo,
397 1269 521 1330 quod
561 1270 808 1330 effodiebat
838 1273 998 1316 cir-cam
1031 1272 1209 1315 arbores
1242 1289 1265 1315 e
1294 1270 1536 1323 radicibus,
1586 1288 1700 1331 quae
1734 1277 2019 1313 nascerentur
2053 1285 2075 1311 e

212 1344 320 1395 solo,
355 1360 465 1403 quos
490 1344 681 1387 stolones
707 1344 1009 1403 appellabant.
1067 1343 1279 1388 Eiusdem
1297 1346 1471 1401 generis
1497 1345 1540 1388 C.
1558 1344 1755 1387 Licinius
1775 1342 1869 1386 trib.
1883 1342 1948 1401 pl.
1973 1358 2075 1385 cum

212 1426 325 1459 esset
350 1426 458 1475 post
487 1434 612 1472 reges
660 1425 842 1459 exactos
882 1419 1014 1461 annis
1048 1419 1244 1461 CCCLX
1245 1420 1289 1461 V
1295 1417 1336 1472 ²³⁸)
1375 1419 1551 1475 primus
1584 1416 1805 1476 populum
1849 1414 1917 1458 ad
1953 1414 2073 1472 leges

212 1486 504 1548 accipiundas
536 1489 582 1530 in
624 1497 791 1548 septem
822 1490 976 1546 iugera
996 1496 1000 1499 ’
1006 1489 1216 1548 forensia
1250 1504 1271 1531 e
1313 1490 1485 1531 comitio
1530 1487 1778 1548 edu.m't**).
1842 1487 1922 1531 Hic
1954 1486 2072 1531 locus

209 1578 294 1605 non
328 1578 408 1604 una
441 1571 557 1621 parte
600 1560 760 1605 laborat
801 1560 1161 1605 vehementissime.
1226 1561 1407 1604 Primum
1451 1561 1559 1604 enim
1603 1561 1654 1605 de
1688 1560 1851 1604 duobus
1884 1560 2072 1611 Liciniis,

209 1644 254 1677 ut
304 1634 513 1678 videbitur
564 1634 740 1694 primum
794 1633 1134 1693 inspicientibus,
1188 1651 1322 1677 sermo
1374 1644 1456 1686 est,
1507 1651 1612 1685 uno,
1664 1633 1737 1693 qui
1779 1651 1887 1676 anno
1932 1634 1981 1676 U.
2028 1633 2071 1676 C.

211 1707 578 1750 CCCLXXXVIII
611 1706 719 1765 leges
751 1706 931 1750 Licinias
963 1707 1153 1766 pertulit,
1196 1706 1321 1750 altero
1365 1707 1504 1753 nescio
1547 1722 1629 1766 quo
1671 1716 1802 1749 terrae
1844 1705 1953 1757 filio,
1999 1706 2071 1766 qui

211 1796 319 1823 anno
343 1780 391 1822 U.
421 1779 683 1823 C.DCV1111
716 1783 829 1839 (post
860 1795 976 1838 reges
1010 1788 1171 1823 exactos
1194 1779 1428 1835 CCCLXV)
1462 1779 1515 1821 ad
1547 1778 1701 1822 similes
1735 1766 1972 1837 rogationes
2005 1795 2072 1822 ac-

211 1852 424 1914 cipiendas
445 1851 645 1913 populum
678 1851 927 1913 permovisse
952 1845 1133 1906 {rideturg
1167 1851 1315 1897 deinde
1347 1860 1514 1911 septem
1544 1853 1699 1909 iugera
1717 1852 1931 1911 forensia
1965 1869 2072 1912 quae

209 1926 403 1971 dicuntur
444 1944 567 1971 sensu
613 1943 783 1987 prorsus
827 1936 983 1979 carent,
1026 1935 1110 1970 tum
1157 1943 1178 1969 a
1225 1942 1411 1970 sermone
1453 1924 1653 1969 Varronis
1706 1924 1903 1970 abhorret
1945 1924 2070 1970 illud:

210 2017 288 2043 nat
352 2001 545 2053 Stolonis
563 1999 645 2066 ‘illa
678 2000 756 2103 lex,
786 2016 993 2106 qgcqzeq—
1025 2007 1067 2042 et
1096 2001 1199 2059 quis
1230 2009 1315 2042 tum
1350 1998 1577 2042 inauditnm
1598 1997 1835 2056 Quiritibus
1870 2010 1932 2043 est
1957 1998 2073 2059 quod

205 2018 358 2103 *Z
333 2054 666 2113 *mm
672 2085 683 2114 ρ
745 2086 761 2102 0
866 2076 885 2105 l
933 2087 944 2099 .

209 2145 279 2168 acta
300 2140 465 2179 praeteriti
485 2138 656 2178 temporis,
689 2137 763 2166 licet
785 2147 848 2166 non
870 2142 995 2166 cantum
1015 2134 1137 2174 legibus
1167 2134 1207 2164 de
1240 2135 1278 2164 iis
1301 2141 1400 2172 esset,
1435 2146 1473 2165 ex
1503 2145 1586 2165 nova
1607 2134 1678 2174 lege
1700 2135 1768 2166 lata
1789 2134 1951 2166 diiudicet.
2004 2136 2073 2166 Nos

210 2189 383 2221 diceremus
406 2190 605 2232 privilegium
629 2200 695 2219 esse
718 2188 790 2226 „ein
814 2189 927 2218 Gesetz
948 2186 1005 2217 mit
1026 2184 1277 2217 rtickwirkender
1298 2186 1429 2217 Kraft.“

397 2243 426 2282 ⁸)
449 2242 525 2273 Hier
546 2242 588 2272 ist
609 2242 661 2271 die
681 2240 845 2277 Jahrzahl,
875 2239 933 2270 wie
953 2238 1041 2277 jeder
1060 2237 1157 2275 sieht,
1186 2244 1322 2278 corrupt.
1366 2236 1519 2268 Niebuhr
1540 2238 1580 2268 H.
1604 2238 1643 2269 R.
1666 2239 1706 2269 T.
1731 2240 1758 2270 1.
1781 2250 1813 2280 p.
1841 2240 1915 2274 471.
1941 2239 1993 2271 ed.
2015 2240 2072 2271 111.

396 2296 439 2333 ”)
461 2296 508 2324 De
530 2294 591 2323 hoc
612 2294 688 2324 loco
705 2291 892 2322 Niebuhrius
914 2291 1001 2320 T'JI.
1024 2301 1056 2331 p.
1068 2291 1138 2329 399.
1163 2288 1212 2320 ed.
1236 2300 1282 2329 pr.
1304 2289 1367 2320 ita:
1391 2290 1523 2329 „Varro
1546 2289 1588 2320 de
1609 2301 1647 2320 re
1669 2298 1755 2322 rust.
1773 2291 1802 2327 I,
1825 2294 1856 2326 2.
1880 2291 1950 2321 und
1972 2291 2073 2322 Colu-

211 2345 311 2376 mella
332 2347 355 2376 I
360 2369 368 2384 ‚
391 2349 422 2382 3.
457 2345 612 2376 scheinen
634 2346 729 2375 einen
751 2354 822 2374 vom
843 2340 1059 2384 Gesetzgeber
1087 2340 1342 2371 verschiedenen
1367 2340 1489 2370 Tribun
1511 2343 1545 2371 C.
1570 2341 1723 2372 Licinius
1744 2342 1834 2373 Stolo
1865 2343 1919 2373 als
1941 2342 2073 2374 Acker-

208 2397 389 2428 vercheiler
411 2409 456 2428 an
478 2398 540 2428 das
562 2398 647 2428 Volk
668 2408 708 2427 zu
730 2397 866 2426 meineri.
909 2394 1000 2425 Doclz
1020 2394 1050 2424 V
1050 2394 1157 2423 arrd-5·
1175 2392 1276 2422 Stelle
1294 2393 1340 2423 ist
1356 2404 1393 2422 so
1412 2392 1482 2435 ties
1494 2392 1562 2435 auf
1573 2394 1640 2426 den
1658 2395 1778 2425 Grund
1799 2395 1994 2434 verdorben,
2017 2396 2074 2426 die

209 2448 406 2492 Erkliirung
434 2460 496 2480 von
525 2449 598 2479 dem
618 2451 652 2479 C.
673 2448 831 2478 Licinius·
848 2449 992 2477 Crassus
1016 2446 1070 2475 ein
1096 2454 1132 2474 so
1164 2444 1453 2486 handgrezfliclzer
1471 2445 1639 2482 Irrtlzum,
1664 2445 1743 2486 dass
1768 2457 1830 2476 nur
1851 2448 2074 2478 Emendation

210 2500 295 2530 Sinn
319 2501 470 2541 schaffen
489 2501 590 2530 kann.
633 2498 811 2529 Columella
830 2496 908 2527 aber
922 2497 968 2526 ist
988 2496 1048 2525 der
1063 2494 1257 2525 Geschichte
1275 2506 1312 2525 so
1330 2496 1514 2538 unkundig,
1539 2495 1618 2536 dass
1637 2508 1674 2526 er
1695 2497 1750 2527 die
1773 2505 1861 2527 erste
1882 2499 2074 2530 Ackerver-

207 2551 379 2596 thedung,
411 2552 568 2583 wodurch
589 2552 649 2583 der
672 2552 773 2584 Senot
797 2549 884 2580 nach
911 2549 971 2580 der
992 2547 1213 2590 Verbannung
1233 2547 1293 2578 der
1310 2547 1441 2590 Ko‘nige
1469 2548 1532 2578 das
1553 2548 1639 2579 Volk
1669 2559 1709 2580 zu
1739 2551 1917 2593 gewinnen
1946 2551 2070 2589 suchee,

208 2604 313 2635 einem
329 2606 363 2636 V
360 2604 584 2636 olkstribunen
595 2627 604 2642 ,
627 2604 699 2635 dem
719 2603 888 2640 Licinius,
909 2599 1125 2632 zusclzreibtf‘
