2312 2998
408 527 466 571 Μ.
498 526 668 571 Furium
716 525 933 570 Camillum
948 559 960 580 ‚
1005 525 1122 570 cuius
1167 525 1294 570 ductu
1336 526 1604 587 auspicioque
1643 526 1751 571 velut
1791 527 1844 571 ab
1885 527 2086 590 stirpibus

218 601 362 646 laetius
403 597 544 646 renata
577 603 860 645 Romanorum
903 600 1138 662 respublica
1183 610 1264 653 est,
1306 600 1533 645 secundum
1568 618 1589 644 a
1618 600 1796 645 Romulo
1829 602 2086 648 conditorem

217 675 334 719 urbis
353 675 519 720 {uerunt
545 675 616 736 qui
638 675 832 719 dicerent.
879 675 932 718 Et
953 684 1063 719 recte
1081 673 1264 735 quidem,
1297 674 1333 717 si
1365 674 1500 734 patria
1521 690 1568 718 ex
1587 674 1806 719 obsidione
1823 674 2003 720 hostium
2021 692 2087 720 re-

218 759 432 810 cuperata,
479 749 515 794 si
557 748 689 809 gloria
716 766 956 802 ·armorum‚
999 764 1075 809 per
1106 757 1313 793 trecentos
1354 747 1566 808 sexaginta
1599 749 1730 793 annos
1761 747 1992 794 victricium
2022 765 2088 795 re-

217 823 372 876 stituta,
404 823 440 867 si
475 833 589 868 aucta
624 833 786 884 patrum
821 832 1004 884 potestas
1037 823 1093 866 M.
1117 822 1245 867 Furio
1278 822 1367 867 iure
1401 821 1661 867 adscribitur.
1725 820 1810 867 Sed
1842 822 1914 884 qui
1944 836 2088 868 causas

216 914 351 942 rerum
385 896 496 942 videt
529 914 750 958 earumque
783 913 1028 957 progressus
1062 905 1101 941 et
1133 895 1438 941 antecessiones
1470 913 1557 940 non
1591 895 1776 956 ignorat,
1818 895 1856 941 ei
1888 913 1974 941 non
2004 905 2088 942 tam

217 987 476 1015 communem
510 970 656 1031 populi
697 970 951 1023 libertatem,
998 987 1104 1031 quae
1136 968 1427 1015 continebatur
1458 969 1747 1030 aequabilitate
1792 968 1894 1014 iuris
1926 979 2090 1031 patrum

218 1053 257 1087 et
289 1043 438 1105 plebis,
470 1061 592 1105 quam
626 1043 844 1104 pristinam
877 1060 1104 1105 paucorum
1137 1043 1462 1088 dominationem
1497 1060 1714 1088 revocasse
1747 1042 1943 1088 Camillus
1974 1043 2091 1089 vide-

216 1112 354 1162 bitur(
411 1119 555 1176 Longe
587 1117 713 1176 igitur
744 1117 962 1176 digniores,
988 1117 1120 1176 gloria
1151 1118 1210 1161 Μ.
1241 1116 1425 1161 Manlius
1460 1116 1741 1178 Capitolinus,
1779 1115 1914 1177 plebis
1947 1127 2089 1178 patro-

216 1206 318 1243 nus,
358 1198 399 1234 et
439 1189 509 1249 qui
543 1189 665 1233 huius
698 1190 855 1234 cineres
887 1189 1174 1249 rogationibus
1206 1190 1293 1234 suis
1324 1189 1434 1233 ultus
1467 1199 1529 1234 est
1560 1189 1902 1249 generosissime,
1945 1206 2090 1251 quem-

217 1279 297 1322 que
330 1261 465 1323 plebis
498 1261 637 1323 potius
669 1261 872 1307 vindicem
912 1261 1197 1322 libertatisque
1226 1261 1314 1307 eius
1346 1261 1604 1307 conditorem
1637 1272 1678 1307 et
1709 1272 1921 1308 strenuum
1954 1280 2088 1309 asser—

216 1344 348 1380 torem
380 1334 529 1380 merito
561 1334 799 1389 dixerimus,
832 1335 875 1379 C.
906 1334 1093 1380 Licinius
1126 1334 1253 1379 Stolo.
1316 1334 1396 1379 Hic
1428 1333 1538 1379 enim
1572 1351 1666 1379 cum
1698 1335 1744 1379 L.
1777 1335 1919 1380 Sextio
1951 1336 2087 1381 tribu-

215 1425 293 1453 nus
327 1407 461 1467 plebis
495 1426 621 1468 quum
655 1418 782 1461 esset,
814 1425 890 1467 per
921 1407 1004 1453 duo
1037 1407 1163 1453 lustra
1191 1407 1398 1453 indefessa
1430 1424 1556 1468 opera
1589 1408 1636 1453 id
1666 1408 1835 1454 tandem
1868 1418 2083 1456 assecutus

216 1488 300 1531 est,
345 1488 409 1532 ut,
449 1478 537 1538 lege
582 1478 633 1523 de
677 1478 865 1524 creandis
905 1478 1083 1524 tribunis
1115 1478 1362 1524 militaribus
1395 1478 1602 1525 consulari
1634 1490 1838 1540 potestate
1870 1480 2084 1541 abrogata,

216 1550 404 1596 consules
438 1561 685 1605 crearentur,
717 1568 892 1612 quorum
924 1551 1064 1613 utique
1097 1551 1197 1596 alter
1228 1569 1276 1597 ex
1307 1551 1427 1613 plebe
1460 1562 1579 1598 esset.
1642 1552 1747 1598 Inde
1777 1569 1910 1598 novus
1943 1571 2082 1600 rerum

216 1624 320 1668 ordo
347 1641 529 1677 exorsus,
562 1624 632 1685 qui
665 1642 749 1668 non
782 1624 915 1669 solum
946 1624 1212 1685 imperatores
1246 1642 1292 1669 ex
1325 1624 1445 1685 plebe
1478 1634 1517 1669 et
1549 1624 1712 1669 fortiter
1742 1625 1885 1671 hostes
1915 1626 2082 1673 vincere

215 1707 255 1741 et
286 1697 440 1758 optime
472 1696 702 1757 gubernare
734 1697 1029 1758 rempublicam
1061 1715 1185 1758 posse
1218 1707 1256 1742 et
1298 1707 1558 1742 contemnere
1596 1696 1767 1758 impune
1807 1698 2082 1759 patriciorum

215 1769 400 1832 auspicia
433 1770 848 1832 superstitionesque‚
888 1769 1039 1831 quibus
1072 1770 1232 1816 animos
1264 1770 1476 1815 hominum
1517 1779 1714 1832 tanquam
1746 1769 1905 1833 laqueis
1937 1782 2082 1820 tenue-

213 1854 319 1898 rant,
350 1843 649 1889 demonstraret
679 1843 1012 1897 luculentissime,
1041 1843 1116 1889 sed
1148 1843 1269 1889 etiam
1292 1844 1575 1888 Romanorum
1607 1842 1760 1889 saeculi
1791 1861 1886 1891 vere
1918 1845 2080 1893 heroici

213 1926 449 1978 opportuna
480 1917 696 1978 praeberet
734 1917 861 1961 initia.
934 1917 977 1962 C.
1009 1926 1143 1962 autem
1174 1916 1359 1962 Licinius
1403 1926 1485 1961 tres
1526 1925 1685 1961 tantum
1718 1916 1770 1961 ab
1802 1917 1925 1963 initio
1957 1935 2081 1981 roga-

213 1990 346 2036 tiones
389 1990 689 2052 promulgarat,
729 2008 851 2035 unam
898 1990 949 2035 de
992 2008 1083 2036 aere
1116 1989 1274 2045 alieno,
1320 2000 1366 2034 ut
1405 1989 1582 2035 deducto
1615 2006 1665 2035 eo
1695 1989 1762 2036 >de
1794 1991 1930 2053 capite
1963 1993 2081 2055 quod

213 2064 351 2108 usuris
383 2074 714 2125 pernumeratum
749 2074 879 2117 esset,
921 2064 966 2107 id
998 2063 1111 2124 quod
1141 2073 1373 2125 superesset
1412 2062 1592 2107 triennio
1625 2064 1768 2124 aequis
1808 2066 2081 2125 portionibus

211 2136 533 2198 persolveretur,
576 2135 742 2181 alteram
786 2136 837 2181 de
881 2136 1008 2193 modo
1050 2154 1264 2196 agrorum,
1303 2153 1356 2181 ne
1398 2135 1491 2196 quis
1532 2134 1627 2197 plus
1667 2136 1893 2197 quingenta
1933 2131 2081 2200 iugera

213 2210 301 2270 agri
332 2211 531 2271 [publici
553 2209 785 2255 necessario
808 2208 1081 2271 supplendum
1121 2219 1182 2254 est
1204 2210 1248 2254 in
1266 2209 1373 2254 Livii
1396 2208 1532 2253 verbis
1552 2209 1624 2262 VI,
1640 2214 1730 2262 35.;
1754 2209 1804 2254 cf.
1830 2211 1878 2255 T.
1899 2211 1986 2256 Liv.
2004 2211 2077 2267 IV,

212 2287 283 2332 51.
302 2289 390 2340 53.]
415 2282 675 2344 possideret:
707 2282 881 2337 tertiam,
912 2300 965 2328 ne
996 2282 1256 2328 tribunorum
1275 2281 1449 2327 militum
1469 2281 1637 2328 comitia
1668 2281 1835 2337 fierent,
1868 2284 1945 2340 sed
1975 2302 2078 2332 con-

211 2354 345 2400 sulum
380 2354 490 2417 [sed
516 2356 747 2400 consulum
777 2348 1013 2404 addendum
1046 2355 1221 2400 estLivii
1252 2355 1429 2417 verbis],
1462 2354 1762 2415 consulumque
1794 2356 1939 2417 utique
1972 2357 2076 2404 alter

211 2444 259 2472 ex
291 2427 411 2489 plebe
443 2427 567 2473 fieret.
637 2428 714 2473 His
752 2428 1038 2489 rogationibus
1068 2445 1213 2474 novem
1246 2438 1341 2490 post
1373 2444 1505 2472 anuos
1538 2427 1697 2473 adiecta
1729 2439 1878 2490 quarta
1907 2440 1971 2475 est
2002 2430 2076 2477 iis-

209 2499 303 2545 dem
336 2501 593 2546 auctoribus:
623 2511 670 2545 ut
693 2518 771 2563 pro
793 2501 1018 2547 duumviris
1050 2502 1178 2547 sacris
1195 2500 1400 2547 faciundis
1434 2500 1655 2546 decemviri
1687 2512 1948 2559 crearentur,
1969 2521 2075 2566 quo-

209 2590 299 2620 rum
320 2590 419 2638 pars
449 2591 502 2619 ex
532 2574 653 2636 plebe
671 2592 769 2636 pars
786 2592 833 2620 ex
864 2575 1052 2636 patribus
1083 2575 1208 2621 fieret.
1269 2575 1387 2620 Hanc
1417 2573 1603 2619 ultimam
1635 2575 1894 2635 rogationem
1925 2578 2072 2624 eodem
